3242 5100
611 503 783 557 GENERAL
800 505 927 556 INDEX.

195 661 300 727 Forde
314 658 662 743 Abhey—ccntinucd,

291 763 427 812 commissis
444 767 470 810 et
486 761 592 820 offensis,
609 761 758 810 arretoritate
775 762 888 825 ejusdem
906 761 1009 811 Domini
1026 762 1148 826 Episcopi,
1160 770 1222 813 saint
1244 765 1352 828 Suspen-

291 828 366 876 sionis
381 834 407 876 et
424 827 696 875 Excommunicacionis
716 828 854 875 Sentenciis
872 827 991 886 innodati,
1001 845 1016 875 a
1032 831 1109 890 janua
1122 830 1251 892 Cymiterii
1267 829 1354 879 Sancti

292 893 360 942 Petri
377 892 526 940 Exoniensis
542 907 621 954 usque
639 893 670 939 sd
689 892 771 940 valvas
789 891 899 940 Ecclesie
918 893 1080 953 Gatlredralis,
1093 894 1247 956 discooperto
1262 896 1351 957 capite,

291 958 413 1015 discincti,
433 962 459 1004 et
474 957 614 1015 discalciati,
637 957 700 1004 eitra
723 957 826 1004 Festum
849 956 998 1019 predictum,
1022 974 1080 1006 cum
1096 959 1157 1020 ipsis
1179 976 1223 1021 per
1245 961 1354 1008 eundem

293 1023 429 1072 Dominum
441 1022 518 1070 fuerit
530 1022 685 1080 nunciatum,
697 1021 827 1069 humiliter
839 1022 940 1070 venirent
951 1028 977 1070 et
990 1023 1087 1083 devote,
1098 1040 1127 1071 ae
1139 1025 1238 1072 unicam
1248 1025 1353 1073 inconti-

293 1089 364 1136 nenti
374 1087 406 1136 ab
417 1087 505 1135 eodem
518 1086 646 1148 Episcopo,
658 1085 696 1134 vel
709 1086 791 1148 aliquo
800 1087 922 1148 deputato
933 1088 964 1134 ab
975 1087 1036 1150 ipso,
1049 1088 1168 1151 recipiant
1179 1089 1334 1152 disciplinam
1347 1105 1354 1149 ;

292 1153 365 1201 aliam
387 1151 558 1215 penitenciam,
576 1167 652 1214 quam
679 1151 747 1198 idem
772 1149 897 1199 Dominus
923 1153 1015 1200 eisdem
1040 1153 1142 1201 duxerit
1165 1153 1355 1217 injungendam,

292 1217 469 1266 nichilominus
480 1216 611 1278 recepturi.
649 1215 727 1274 Idem,
740 1215 824 1274 eciam,
837 1216 929 1276 Abbas,
941 1233 986 1278 pro
1002 1232 1028 1264 se
1039 1222 1066 1266 et
1076 1233 1122 1265 suo
1135 1219 1274 1279 Conventa,
1286 1220 1356 1267 mille

293 1298 388 1330 marcas
408 1281 583 1342 sterlingorum
605 1281 701 1342 prelato
721 1280 851 1343 Episcopo,
873 1297 919 1343 pro
937 1281 1044 1344 injuriis,
1061 1283 1254 1346 gravaminibus,
1266 1290 1354 1333 eontu-

294 1348 386 1406 macfis,
404 1355 431 1394 et
442 1345 541 1394 offensis
551 1346 729 1408 personalibus,
742 1361 786 1407 per
797 1345 863 1408 ipsos
875 1346 1000 1394 Abbatem
1012 1351 1039 1394 et
1055 1346 1213 1396 Conventum
1231 1349 1355 1408 sedrmdis,

294 1412 375 1461 eidem
384 1412 523 1474 promittat,
533 1415 559 1458 et
570 1411 601 1458 ad
613 1409 810 1458 moderacionem
825 1416 937 1458 nostram
954 1412 1082 1472 exsolvat,
1099 1429 1162 1473 quas
1173 1414 1276 1475 quidem
1288 1414 1356 1461 mille

295 1493 388 1526 marcas
410 1477 477 1524 idem
499 1475 593 1531 Ablue,
616 1491 660 1537 pro
683 1491 709 1522 se
731 1479 758 1522 et
782 1472 915 1523 Conventa
934 1492 988 1536 suo,
1010 1477 1078 1524 dicto
1102 1477 1210 1525 Domino
1234 1479 1356 1541 Episcopo
1393 1528 1398 1532 ,

295 1543 433 1590 secundum
445 1540 642 1588 moderacionem
653 1545 764 1587 nostram
773 1555 799 1587 se
811 1540 936 1588 bonafide
953 1541 1096 1588 soluturum
1114 1543 1235 1604 promisit
1270 1544 1355 1592 Omni-

295 1607 343 1654 bus
362 1612 448 1655 autem
465 1604 605 1653 amionibus
622 1620 666 1652 seu
689 1605 866 1652 offensionibus
888 1606 1066 1667 personalibus,
1083 1607 1195 1668 predicto
1216 1608 1311 1656 Abbati
1330 1614 1357 1656 et

297 1671 438 1722 couventui
457 1674 544 1719 contra
563 1669 714 1732 Episcopum
733 1674 901 1736 memoratum
919 1675 946 1717 et
965 1670 1025 1718 alios
1044 1687 1216 1734 quoscumque
1229 1673 1356 1721 occasione

296 1737 473 1800 premissorum
491 1735 699 1796 competentibus,
712 1734 787 1782 iidem
799 1734 884 1782 Abbas
896 1739 923 1783 et
931 1735 1076 1784 Conventus
1087 1737 1235 1785 renuncient
1247 1738 1356 1786 omniuo.

296 1803 420 1850 Volumus
452 1801 561 1863 insuper,
589 1799 703 1858 dicimus,
732 1803 758 1846 et
791 1799 924 1848 laudamus
959 1800 1028 1862 quod
1061 1801 1185 1849 Dominus
1218 1803 1356 1865 Episcopus

297 1871 449 1916 memoratus
477 1864 605 1913 universas
633 1863 815 1926 Suspensionis,
840 1862 978 1925 interdicti,
1006 1870 1033 1913 et
1060 1865 1356 1916 Excommunicaeiouum

295 1931 439 1983 Sentencias
455 1930 482 1978 in
493 1929 642 1992 premissum
655 1928 786 1988 Abbatem,
799 1929 932 1976 monachos
943 1930 1058 1992 ejusdcm
1069 1935 1096 1978 et
1108 1931 1207 1979 Fratres
1219 1933 1356 1981 Conversus

295 2015 323 2046 nc
339 1995 511 2045 ministeriales
527 1995 639 2056 ipsorum
656 1998 791 2056 exemptos,
809 1994 958 2042 summitate
978 1995 1079 2042 Domini
1095 1995 1209 2057 ejusdem
1231 1997 1357 2046 occasione

296 2061 445 2125 injuriarum
456 2059 604 2120 hujusmodi
616 2059 792 2120 promulgatae,
805 2059 837 2106 nd
853 2059 1004 2107 mnscienoie
1020 2061 1169 2122 scrupulum
1178 2063 1356 2124 quodcumque

296 2127 443 2184 tollendum,
472 2125 566 2186 absque
593 2123 741 2171 difficultate
769 2124 862 2171 relaxet
882 2139 889 2181 ;
917 2130 943 2172 et
970 2125 1039 2186 quod
1067 2126 1191 2174 Dominus
1219 2127 1357 2190 Episcopus

296 2193 364 2241 mille
391 2205 485 2239 marcas
507 2193 630 2250 pretactae
650 2204 730 2251 usque
749 2189 780 2235 ad
806 2193 908 2236 centum
928 2205 1023 2237 mareas
1045 2190 1138 2238 Abbati
1160 2197 1187 2239 et
1215 2192 1357 2240 Ocsnventui

297 2255 414 2320 predictis
425 2254 546 2302 remittat.
582 2253 660 2312 Idem,
673 2268 737 2312 vero,
753 2252 876 2301 Dominus
888 2254 1025 2315 Episcopus
1037 2255 1164 2316 predictus
1174 2256 1243 2304 mille
1254 2270 1357 2316 marcae,

298 2323 329 2370 ob
341 2320 474 2382 Religionis
488 2325 514 2366 et
526 2317 628 2366 Domini
640 2318 713 2379 Regis
730 2318 847 2376 favorem,
865 2320 939 2366 etad
957 2325 1073 2367 nostmm
1089 2326 1212 2382 rogatum,
1231 2337 1310 2384 usque
1326 2322 1358 2369 ad

296 2392 398 2436 centum
410 2399 503 2432 mareas
514 2387 603 2445 sponte
623 2386 649 2430 et
668 2382 802 2430 liberaliter
822 2383 919 2430 remisit
937 2384 1049 2442 eisdem;
1066 2400 1128 2446 quas
1145 2386 1248 2448 quidem
1256 2391 1358 2436 centum

298 2450 479 2501 marcasidcm
497 2448 582 2495 Abbas
600 2447 638 2494 vel
656 2463 807 2495 successores
824 2447 947 2509 ejusdem,
960 2465 1005 2510 pro
1024 2465 1051 2496 se
1071 2455 1097 2497 et
1113 2450 1246 2499 conventu
1264 2467 1317 2510 suo,
1330 2452 1356 2499 in

299 2517 380 2567 Festis
402 2514 487 2564 Sancti
510 2512 637 2561 Michaelis
659 2517 685 2560 ct
708 2512 801 2561 Pasehc
828 2513 999 2575 sequentibus,
1022 2513 1049 2562 in
1077 2515 1187 2564 Ecclesia
1215 2516 1358 2566 Cathedrali

298 2582 424 2645 premissa,
445 2579 552 2627 Domino
573 2578 701 2640 Episcopo,
718 2579 757 2625 vel
777 2594 823 2625 suo
842 2578 974 2640 assignato,
986 2595 1031 2641 pro
1050 2581 1181 2642 equalibus
1200 2582 1358 2644 porcionibus

298 2650 393 2709 integre
405 2645 551 2708 persolvent
587 2642 757 2691 Penitenoiam
768 2648 862 2696 autem.
873 2643 982 2705 siquam
994 2644 1062 2692 idem
1080 2645 1204 2694 Dominus
1221 2647 1359 2710 Episcopus

300 2710 503 2761 ministerialibus
528 2708 655 2771 prelibatis
678 2708 745 2755 ultra
769 2708 926 2769 disciplinam
949 2709 1064 2770 superius
1088 2715 1234 2759 annotatam
1257 2712 1359 2760 duxerit

299 2776 488 2841 injungendam,
506 2773 636 2835 disciplina
655 2778 761 2834 recepta,
781 2772 835 2820 sine
853 2772 1008 2833 difficultate,
1031 2774 1152 2823 remittat
1187 2776 1358 2835 Decernimus,

299 2844 383 2901 eciam,
414 2840 482 2902 quod
509 2838 592 2887 omnia
618 2841 645 2884 ct
671 2837 769 2899 singula
795 2838 923 2900 premissa,
953 2838 1001 2886 sub
1027 2854 1091 2901 pena
1112 2845 1216 2888 centum
1239 2841 1360 2890 librarum

299 2924 313 2955 a
336 2905 453 2955 Partibus
480 2904 583 2965 prefatis
613 2902 788 2950 inviolabiliter
811 2902 991 2952 observentur:
1015 2908 1041 2952 et
1068 2906 1134 2967 quod
1165 2906 1225 2953 Pars
1251 2906 1284 2954 ab
1310 2906 1360 2955 isto

300 2977 386 3020 nostro
413 2969 515 3017 arbitrio
538 2967 648 3015 resiliens
671 2966 740 3014 Parti
759 2966 827 3014 idem
848 2967 980 3015 arbitrium
998 2969 1140 3017 observanti
1161 2970 1241 3019 dictas
1256 2977 1360 3019 centum

302 3038 375 3085 libras
403 3033 526 3097 persolvat
554 3032 707 3093 integraliter
734 3031 787 3079 sine
815 3048 890 3080 mora.
924 3033 965 3081 Ad
992 3033 1045 3092 heo,
1072 3050 1227 3083 reservamus
1251 3036 1360 3084 Domino

301 3102 362 3163 Regi
383 3106 410 3148 et
431 3098 502 3147 nobis
524 3102 675 3159 potestatem
692 3096 838 3145 cohercendi
860 3103 886 3145 et
902 3098 1067 3159 compellendi
1089 3100 1190 3148 Partem
1208 3101 1360 3149 resilientem

300 3184 315 3215 a
327 3168 433 3215 Decreto
453 3167 538 3211 nostro
556 3162 587 3209 ad
606 3161 756 3209 solucionem
775 3176 837 3223 pene
856 3162 988 3209 arrtedicte.
1024 3164 1077 3211 Hec
1096 3170 1151 3212 acta
1170 3164 1275 3213 fuerunt
1292 3167 1361 3228 apud

301 3226 560 3284 Westmonasterium,
576 3227 603 3289 iij
627 3226 711 3274 Nonas
731 3226 790 3273 Maii
808 3226 833 3286 [5
846 3227 923 3289 ΜΨ,
936 3228 1009 3276 Anno
1030 3229 1117 3277 Gracie
1129 3230 1173 3278 Μ’).
1188 3230 1247 3279 00⁰.
1260 3235 1360 3293 scptua·

298 3296 392 3361 gesimo
403 3294 526 3357 septimo;
547 3291 584 3342 79.

249 3464 318 3528 The
333 3460 446 3525 Abbot
460 3456 526 3522 and
543 3456 695 3521 Convent
710 3455 746 3520 oi
770 3456 875 3520 Forde
890 3461 1022 3541 present
1039 3461 1075 3523 to
1097 3459 1361 3540 Thornecombe;

297 3552 343 3612 13.
389 3548 454 3621 See,
466 3544 543 3618 also,
560 3542 795 3628 Payhembnry
812 3542 956 3626 (lust.);
985 3547 1035 3608 49.

203 3657 347 3728 Foresm,
362 3649 451 3713 John
467 3647 515 3723 de,
530 3647 605 3710 inst.
622 3650 656 3710 to
672 3645 1111 3726 Buckland-Monachorum3
1140 3648 1206 3717 75¹).

205 3761 371 3831 Formans,
386 3752 473 3817 Alsn
489 3752 538 3827 dc,
553 3772 601 3815 sec
618 3749 791 3834 Paignton.

204 3860 380 3935 Fortibus,
403 3854 544 3920 isabella
566 3853 616 3928 de,
639 3852 799 3917 Oountess
826 3852 862 3918 of
883 3853 1071 3918 Albemarle
1094 3855 1160 3919 and
1182 3855 1218 3921 of
1239 3856 1363 3935 Devon,

290 3948 439 4033 presente
455 3947 490 4007 to
505 3941 676 4018 Honiton;
698 3937 763 4007 77¹³.
1228 3967 1232 3975 ,

212 4244 221 4278 ¹
237 4246 347 4296 William
365 4245 396 4293 de
417 4240 542 4299 Fortibus,
566 4238 625 4287 Earl
642 4238 668 4286 oi
688 4236 762 4286 albe-
847 4238 925 4286 about
940 4243 1038 4302 twenty
1053 4255 1125 4303 years
1141 4241 1226 4290 before
1243 4242 1294 4292 this
1309 4259 1364 4307 pre·

245 4312 329 4372 merle,
352 4308 460 4358 married
483 4305 564 4354 isabel
589 4305 620 4352 de
645 4304 762 4363 Redvers,
847 4303 981 4372 sentation,
1014 4305 1048 4366 by
1076 4306 1115 4353 his
1140 4307 1244 4368 Widow‚
1261 4312 1289 4357 to
1319 4309 1365 4358 the

246 4378 368 4428 Countcss
377 4373 403 4423 oi
415 4373 502 4422 Devon
514 4387 519 4419 ε
540 4369 572 4418 he
584 4368 641 4418 died
653 4368 679 4417 in
692 4370 762 4427 1256,
847 4369 954 4432 Rectory
965 4370 992 4417 oi
1008 4370 1130 4419 Honiton.
