3242 5100
291 485 362 563 332
521 511 600 564 run
623 511 802 566 mesum
823 509 871 566 os
894 511 1035 566 mesor
1058 512 1206 579 curum.

290 663 429 729 Halwill
451 664 693 751 [Helghewille
708 665 844 750 MS.],—

355 751 409 800 'l'he
421 753 609 816 sequestratim
621 753 695 802 taken
707 753 749 810 off,
763 769 796 802 on
813 753 940 805 condition
957 753 1021 814 thst,
1033 754 1099 802 after
1115 751 1282 813 Michaelmrs,
1294 751 1338 802 the
1349 752 1440 801 Rector

387 816 480 866 should
496 818 576 914 reside
592 817 770 882 continuously
787 818 864 878 (eires
883 820 914 869 20
931 819 1005 879 June,
1018 819 1166 879 lese-the
1183 819 1266 867 actual
1282 817 1341 867 dote
1357 817 1379 866 is
1395 821 1441 866 not

313 928 323 938 „
405 881 461 930 'ven
480 897 487 938 ;
505 884 550 931 121
567 919 573 931 .

292 883 545 1022 Harwgideione,
560 945 670 1031 Philip
690 945 739 1022 de,
755 946 793 1010 R.
808 945 845 1010 oi
866 945 1025 1032 Bigbury,
1039 947 1185 1033 resigns3
1208 943 1297 1023 leel,
1314 949 1384 1012 132.

290 1030 468 1116 Hsrpford,
483 1031 541 1096 the
556 1033 714 1116 Vicerage
730 1033 778 1110 0f;
802 1031 1008 1118 Compositio
1020 1057 1073 1095 .·-

353 1118 540 1168 I·—Universis
548 1119 642 1169 Christi
653 1118 789 1178 fidelibus,
801 1120 833 1167 sd
845 1136 953 1181 quorum
964 1121 1083 1168 noticism
1094 1119 1139 1168 hec
1152 1120 1281 1182 Scriptura
1292 1119 1440 1182 pervenerit,

386 1183 495 1232 Thomas
514 1184 546 1232 de
565 1183 687 1243 Bodham,
702 1183 858 1233 Venerabilis
875 1184 963 1242 Petris,
983 1185 1086 1233 Domini
1104 1185 1253 1234 Exoniensis
1273 1185 1396 1248 Episcopi,
1414 1188 1440 1232 et

387 1248 512 1296 Robertus
539 1249 571 1297 de
599 1248 719 1308 Ooktone,
742 1248 844 1297 discreti
871 1248 925 1309 viri,
953 1249 1056 1298 Domini
1083 1248 1257 1298 Archidisooni
1286 1249 1440 1308 Exoniensis,

387 1312 517 1374 Officisles,
536 1318 648 1362 eternam
670 1313 777 1362 salutem
800 1313 827 1362 in
850 1313 1165 1363 Domino-Universitsti
1181 1321 1264 1363 vestre
1280 1319 1370 1362 notum
1388 1313 1441 1362 fieri

386 1378 504 1427 volumus
525 1393 570 1442 per
591 1378 723 1427 Presentes
745 1378 821 1441 quod,
844 1393 900 1427 cum
924 1378 991 1426 inter
1014 1378 1151 1427 Dominum
1173 1379 1262 1438 Adam,
1285 1379 1440 1440 Perpetunm

387 1442 515 1492 Vicinium
535 1441 643 1491 Eccleaie
662 1443 695 1491 de
715 1443 879 1504 Herpeiorde,
896 1447 1012 1502 actorem,
1030 1459 1061 1492 ex
1079 1447 1150 1504 porte
1169 1459 1225 1502 erne,
1242 1448 1269 1492 ct
1288 1443 1442 1505 Religionum

387 1507 485 1566 Virum,
513 1506 656 1567 Ricardum,
679 1507 776 1556 dictum
793 1507 900 1566 Jordan,
924 1507 1035 1556 Priorem
1057 1508 1090 1556 de
1110 1509 1233 1571 Otrytone
1256 1509 1438 1564 Reverendum,

387 1587 418 1619 ex
430 1573 515 1631 altera,
526 1588 602 1633 super
612 1571 817 1634 augmentscione
826 1572 922 1620 Vicsrie
933 1572 965 1620 de
978 1572 1118 1636 Herpforde
1129 1577 1215 1622 exorta
1231 1572 1322 1622 inisset
1338 1573 1443 1621 muteris

388 1636 526 1698 questionis
536 1641 563 1684 et
574 1635 633 1696 litis,
645 1651 727 1684 corsm
738 1636 842 1684 diversis
851 1637 867 1685 J
870 1636 984 1684 udicibus
995 1637 1094 1685 diucius
1105 1637 1199 1699 sgitsts
1211 1654 1217 1697 ;
1234 1639 1336 1686 tandem
1346 1637 1441 1696 Partes,

388 1701 515 1749 communi
539 1701 676 1749 amioomm
703 1701 886 1749 interveniente
909 1701 1017 1762 consilio,
1040 1702 1072 1749 de
1092 1702 1189 1749 Vicsria
1208 1702 1319 1764 predicta
1338 1702 1442 1764 provide

388 1765 513 1827 eligentes,
522 1781 600 1827 seper
608 1765 715 1814 formam
727 1765 899 1814 ordinacionis
910 1765 996 1828 pocius
1007 1781 1083 1828 qrmm
1095 1765 1146 1814 litis
1157 1766 1287 1827 decisione,
1295 1766 1442 1842 hujusmodi

388 1829 520 1878 Portiones
527 1834 613 1878 nostre
622 1829 781 1880 Ordinacioni
789 1834 816 1878 et
823 1829 936 1878 Arbitrio
942 1845 1018 1893 super
1025 1831 1192 1880 controversia
1200 1834 1227 1880 et
1237 1831 1282 1880 lite
1288 1831 1442 1880 racionabili-

388 1897 428 1942 ter
438 1894 618 1950 submiserunt,
630 1898 706 1957 prout
716 1895 742 1943 in
755 1894 846 1943 Liberis
857 1894 993 1943 earundem
1005 1895 1120 1943 Psrcium
1132 1910 1176 1958 per
1187 1896 1291 1944 modum
1303 1895 1442 1958 cirographi

387 1958 515 2018 coniectis,
522 1958 707 2021 signatumque
718 1959 828 2021 ipsarum
840 1958 956 2008 Porcium
964 1959 1218 2022 mutuooonsignstis,
1226 1959 1323 2022 plenius
1330 1965 1439 2009 notetur.

388 2022 451 2072 Ad.
470 2058 476 2072 .
495 2059 501 2072 .
520 2060 527 2072 .
545 2023 692 2072 instanciam
709 2023 819 2085 ipsorum
837 2023 961 2084 Porcium,
976 2039 1005 2072 sc
1020 2039 1066 2136 pro
1083 2039 1141 2086 poce
1158 2023 1224 2073 inter
1240 2025 1306 2086 ipsas
1320 2029 1441 2087 perpetuo

388 2087 562 2147 conservanda,
585 2087 732 2150 hujusmodi
750 2087 921 2137 ordinacionis
937 2091 965 2136 et
983 2088 1020 2136 Ar
1038 2087 1089 2136 itrii
1111 2104 1174 2137 onus
1191 2089 1217 2136 in
1234 2103 1278 2136 nos
1300 2089 1442 2138 voluntarie

389 2157 552 2212 assumentes,
572 2153 604 2200 ad
623 2153 721 2201 loocum
737 2153 769 2200 do
786 2153 941 2216 Herpeforde
957 2151 1099 2216 predictum
1115 2153 1263 2201 accessimus
1280 2153 1442 2216 posonalrer

388 2221 456 2265 certo
472 2216 521 2276 die,
535 2222 562 2265 et
577 2233 652 2279 snper
668 2233 727 2266 vero
743 2217 827 2266 valore
843 2217 921 2280 ipsius
938 2217 1047 2265 Ecclesie
1063 2233 1108 2280 per
1118 2217 1184 2266 viros
1200 2217 1344 2281 fidedignos,
1356 2217 1441 2267 neutri

388 2281 458 2330 Parti
474 2285 609 2356 suspectos,
632 2282 751 2343 inspectis
772 2281 799 2330 in
821 2281 933 2344 ipsarum
953 2281 1068 2330 Porcium
1089 2281 1223 2344 presencie,
1246 2281 1441 2346 Inquisicionem

388 2345 493 2395 fecimus
504 2346 664 2408 diligentem:
681 2350 841 2410 quopropter,
853 2345 963 2408 pensetis
980 2349 1007 2394 et
1022 2346 1166 2409 ponderetis
1183 2347 1316 2410 diligenter
1327 2347 1441 2423 ejusdem

389 2410 498 2459 Ecclesie
508 2409 744 2470 facultatibus-In
756 2411 807 2459 Dst
818 2410 932 2470 Nonius,
942 2410 1030 2468 Amen,
1038 2411 1123 2460 taliter
1129 2409 1288 2472 arbitramur,
1297 2412 1442 2461 ordinamus

388 2475 482 2537 pariter
492 2479 519 2523 et
529 2475 666 2523 diffinimus
676 2489 684 2534 ;
700 2474 824 2536 videlicet,
836 2475 904 2538 quod
915 2475 998 2524 dictus
1010 2475 1133 2524 Dominus
1145 2474 1226 2524 Adam
1238 2479 1265 2524 et
1279 2476 1319 2524 sui
1335 2491 1442 2526 cumess-

389 2556 444 2589 ores
460 2544 581 2604 perpetuo
597 2539 714 2600 habeant,
724 2539 826 2589 nomine
837 2539 932 2589 Vioarie
943 2556 988 2589 eus
999 2540 1031 2589 de
1042 2539 1176 2604 Herpiord,
1188 2542 1221 2590 sd
1231 2541 1442 2591 sustentationem

389 2604 429 2653 sui
439 2610 467 2653 et
477 2605 610 2668 cujusdam
618 2602 744 2667 Capeliani
755 2606 823 2667 apud
829 2605 953 2668 Fenotsry
964 2604 1083 2654 continue
1095 2606 1250 2667 celebrantis,
1258 2611 1344 2656 totum
1352 2606 1440 2656 Sanct-

391 2668 497 2727 uarium,
514 2674 568 2718 tam
586 2670 653 2732 apud
671 2670 813 2732 Herpforde
834 2684 911 2732 quam
933 2670 1001 2733 apud
1019 2670 1151 2734 anotery,
1169 2686 1220 2719 una
1239 2686 1297 2720 cum
1314 2671 1439 2729 domibus,

388 2734 507 2796 gsrdinis,
528 2738 555 2782 et
576 2733 712 2793 curtilagiis
733 2734 874 2783 Sanctusrii
890 2734 959 2796 apud
980 2734 1125 2797 Herpford5
1148 2735 1264 2797 habeant,
1280 2736 1366 2797 eciam,
1382 2735 1444 2785 alias

388 2798 551 2847 obventiones
562 2803 588 2846 et
597 2803 734 2861 proventus
744 2798 848 2861 altilsgii
860 2798 992 2861 utriusque
1004 2799 1070 2859 loci,
1081 2815 1133 2849 uns
1143 2815 1202 2849 cum
1213 2800 1309 2849 decima
1319 2800 1443 2861 tuberum,

388 2863 507 2925 pisarum,
518 2868 546 2911 et
563 2878 690 2911 vesamum
705 2863 759 2922 (sic)
771 2862 852 2911 tocius
865 2863 989 2923 Parochie,
1001 2863 1098 2913 dedms
1110 2864 1243 2925 garbarum
1254 2865 1390 2914 dumtsxst
1400 2880 1442 2914 ex·

389 2933 481 2990 empta,
489 2942 565 2991 quam
573 2928 600 2975 in
609 2942 684 2975 usum
693 2927 771 2989 ipsius
779 2928 872 2975 Priorn
880 2932 907 2976 et
915 2942 1084 2977 successorum
1093 2944 1204 2989 suorum,
1213 2928 1314 2978 nomine
1321 2929 1443 2989 Rectorie,

388 2996 509 3054 perpetuo
526 2992 612 3041 cedere
629 2991 745 3040 volumus
762 2997 788 3040 et
805 2992 958 3041 ordinemus.
992 2992 1034 3053 Et,
1050 2993 1110 3055 quio
1126 2994 1249 3056 predictos
1265 2994 1398 3043 Porciones
1410 2994 1442 3043 sd

389 3072 524 3119 congruam
542 3056 752 3105 sirotentscionem
775 3056 854 3119 ipsius
871 3056 961 3105 vicarii
978 3061 1004 3106 et
1022 3056 1062 3105 aui
1082 3058 1209 3120 Cspellsni
1227 3058 1302 3107 nimis
1319 3059 1395 3107 exiles
1416 3062 1444 3107 ct
1486 3098 1494 3111 .

389 3121 567 3170 insufficientes
585 3137 637 3169 esse
660 3121 833 3183 conspicimus,
856 3120 1000 3170 ordinemus
1028 3122 1120 3185 pariter
1142 3127 1169 3172 et
1196 3123 1348 3172 urbitmmur
1374 3124 1444 3185 qnod

390 3186 473 3234 dictus
485 3186 555 3234 Prior
565 3190 592 3234 et
608 3187 648 3233 sui
664 3201 815 3233 successores
832 3185 937 3245 solvant,
955 3186 1059 3248 singulis
1075 3186 1154 3247 annis,
1166 3188 1192 3236 in
1209 3188 1441 3250 uugmentnoionem

391 3250 487 3299 Vicarie
499 3250 616 3312 predicte,
628 3256 738 3312 quotuor
748 3265 843 3299 marcas
854 3250 1031 3313 sterlingorum
1043 3252 1075 3299 ad
1087 3257 1196 3312 quatuor
1206 3252 1336 3301 Ter-minoe
1348 3252 1442 3301 Princi-

392 3314 466 3377 psles,
478 3315 593 3363 videlicet
610 3315 636 3362 in
654 3314 735 3363 Festis
751 3314 838 3363 Sensi
856 3314 990 3375 Michaelis,
1007 3314 1104 3363 Natslis
1121 3315 1231 3377 Domini,
1243 3316 1345 3377 Paecbs,
1357 3317 1444 3366 Sancti

391 3379 513 3429 iohannis
531 3378 652 3441 Baptiste,
668 3394 713 3442 per
731 3379 832 3442 equales
850 3379 984 3441 porciones,
1005 3380 1044 3429 vel
1060 3382 1092 3429 sd
1115 3380 1234 3430 ultimum
1248 3381 1315 3429 inira
1337 3380 1445 3431 Ootsbns

391 3444 561 3506 predictorum
573 3443 755 3501 Terminorum‚
768 3444 817 3492 sub
828 3459 892 3507 pens
908 3444 980 3506 dupli
991 3444 1065 3506 cujus
1082 3479 1087 3492 .
1105 3481 1111 3493 .
1130 3482 1136 3494 .
1153 3461 1204 3493 non
1220 3446 1313 3495 servati
1324 3446 1404 3509 plene,
1417 3452 1445 3495 et

391 3524 468 3557 unam
480 3509 641 3557 medietatem
653 3507 749 3556 Vicario
760 3508 805 3571 qui
816 3523 861 3570 pro
872 3512 985 3571 tempore
1000 3508 1086 3570 inerit,
1097 3509 1201 3558 sltsrsm
1212 3524 1271 3558 vero
1282 3510 1444 3560 medietatem

392 3572 494 3622 Fabrice
511 3572 620 3621 Ecclesie
637 3572 791 3633 Exonisnsis,
809 3572 954 3622 ordinamus
976 3578 1003 3623 et
1024 3573 1141 3623 volumus
1163 3574 1296 3638 amplicari,
1315 3575 1443 3638 quociens·

391 3652 500 3701 cumque
527 3637 661 3701 contigerit
676 3637 759 3700 ipsum
775 3636 909 3686 committi.
943 3637 986 3699 nt,
1001 3636 1062 3700 quis
1077 3638 1190 3687 Vican'us
1207 3639 1251 3701 qui
1267 3639 1445 3689 emolumentis

391 3702 541 3765 nmplicstur
556 3733 689 3755 ......
707 3706 746 3750 est
771 3706 801 3750 ut
824 3716 950 3751 annexum
975 3718 1039 3751 onus
1063 3708 1187 3766 agnoscat,
1209 3703 1354 3753 ordinamus
1376 3704 1445 3767 quod

392 3767 476 3816 dictus
499 3767 619 3828 Viren'us,
647 3772 674 3815 et
698 3766 738 3815 aui
761 3780 914 3816 successores
936 3766 981 3829 qui
1005 3782 1050 3831 pro
1075 3771 1188 3831 tempore
1211 3768 1314 3829 tuerint,
1334 3769 1445 3832 predicte

393 3830 532 3881 Parocbiali
540 3830 648 3881 Ecclesia
659 3831 691 3879 de
703 3830 831 3893 Herplord
841 3829 1000 3880 laudabiliter
1010 3832 1153 3881 deservient
1163 3838 1190 3881 et
1199 3832 1297 3893 devote,
1305 3848 1334 3883 ac
1346 3832 1446 3897 Oapells

393 3897 426 3945 de
437 3896 563 3959 Fenotery
578 3911 623 3959 per
639 3895 802 3958 Cambonum
813 3894 941 3960 ydoneum
957 3896 1062 3946 honeste
1078 3896 1172 3946 mount
1182 3897 1308 3959 deserviri
1319 3903 1346 3947 et
1357 3898 1444 3947 nichil-

394 3961 495 4010 ominus
511 3961 595 4010 omnia
608 3975 684 4009 onero
694 3959 825 4021 ordinaria,
837 3959 953 4010 videlicet
968 3960 1097 4022 librorum,
1107 3961 1323 4021 vestimentorum,
1335 3962 1446 4013 Cascelli

393 4025 525 4088 repsrrndi
536 4028 563 4073 et
573 4024 732 4074 modificandi
747 4025 769 4073 si
784 4039 883 4073 secuse
899 4025 985 4086 fuerit,
997 4026 1183 4075 Procuracionis
1194 4026 1254 4075 Loci
1263 4026 1446 4089 Arrhidiacoui,

394 4089 572 4151 Cathedrstici,
590 4088 743 4153 Synodatici,
761 4093 789 4138 et
805 4095 946 4138 ceterorum
962 4090 1075 4139 omnium
1095 4091 1276 4141 ordinariorum
1294 4097 1430 4155 sgnosmnt
1439 4108 1447 4153 ;

394 4155 486 4215 dictus,
505 4169 571 4215 vero,
588 4154 660 4203 Prior
681 4158 708 4204 et
727 4154 767 4203 sui
783 4168 935 4203 sumeres
952 4155 1035 4204 omnis
1045 4156 1114 4205 dioto
1130 4154 1239 4205 Ecclesia
1252 4157 1449 4206 estmordinsria

395 4219 512 4269 similiter
521 4223 673 4282 agnoscant;
690 4218 727 4267 ita
737 4219 806 4282 quod
817 4233 863 4268 nee
875 4219 923 4283 ipsi
935 4218 1051 4283 Religiosi
1062 4220 1116 4281 [de]
1126 4220 1242 4270 oneribru
1252 4221 1390 4283 ordinariis,
1402 4236 1449 4270 nso

395 4284 479 4333 dictus
485 4283 600 4333 vicarius
610 4298 655 4333 seu
663 4282 702 4332 sui
713 4298 866 4333 successores
874 4284 906 4333 de
915 4284 1117 4334 extraordinariis
1125 4284 1177 4333 ullo
1187 4289 1299 4348 tempore
1307 4290 1448 4336 tenesntur.

395 4348 520 4400 Pmmissa
530 4347 690 4409 arbitramur,
701 4347 848 4412 diffinimus,
859 4353 886 4401 et
896 4348 1041 4401 ordinamus
1053 4366 1060 4412 ς
1076 4348 1258 4413 interpretandi
1270 4356 1297 4401 et
1307 4350 1450 4402 dsclnsndi
