3242 5100
598 543 930 600 3333333333333.
1263 523 1335 597 333

277 696 342 748 13333
351 704 464 750 nostram
471 699 698 762 Ordinaoionem,si
708 700 772 764 quid
779 701 807 750 in
818 701 871 766 ipss
882 699 990 750 dubium
1001 699 1130 750 emerserit
1137 697 1177 750 331
1187 699 1330 761 obscurum,

278 763 350 812 nobis
361 768 512 827 potestatem
523 765 659 828 pienerism
670 766 898 815 mantes-In
909 780 1018 829 quornm
1029 766 1143 814 omnium
1152 765 1327 815 testimonium

276 828 357 890 3131113
365 835 449 878 nostra
457 830 618 879 Presentibus
625 830 745 880 duximus
753 831 1038 894 apponenda-Datum
1046 835 1072 879 31
1081 831 1175 879 Actum
1183 830 1210 878 in
1220 829 1334 884 Ecclesia

279 892 421 942 Oathedrali
444 895 585 955 1133313331,
608 895 703 958 xviij²¹⁰
721 895 848 944 Kslendes
869 895 932 944 Julii
955 893 996 958 [11
1020 895 1106 956 13331
1132 897 1206 944 Anno
1228 895 1330 944 Domini

279 957 411 1007 Millesimo
422 959 594 1009 ducentesimo
604 960 756 1022 octogesimo
766 965 864 1022 quarto.

246 1021 444 1072 Il-Universis
466 1029 593 1086 presentes
609 1024 706 1074 literas
725 1025 875 1088 inspecturis
894 1024 933 1074 331
949 1024 1074 1074 audituris
1091 1025 1179 1073 Frater
1194 1023 1329 1084 Johnnnes,

279 1087 440 1149 permissione
461 1088 554 1137 Divino
573 1089 760 1138 0331333133313
781 1089 996 1152 Archiepiseopus,
1015 1089 1095 1138 tocius
1113 1089 1203 1151 Aegiis
1226 1089 1330 1149 Primae,

278 1151 386 1201 salutem
407 1158 434 1201 et
456 1169 541 1214 pacem
562 1154 590 1202 in
617 1154 725 1202 Domino
746 1154 1063 1218 sempiternam-litem
1091 1154 1262 1203 033133313313
1284 1169 1329 1202 seu

280 1216 474 1278 composicionis
485 1234 560 1282 super
574 1218 779 1281 augmentatione
797 1219 894 1267 Vicsrie
914 1218 1022 1267 Ecclesie
1033 1219 1065 1267 de
1082 1219 1236 1282 Herpeiorde
1247 1233 1331 1267 coram

279 1280 384 1329 Officioii
401 1288 494 1341 nostro,
506 1283 642 1332 Exoniensi
657 1283 766 1332 Mesia
777 1289 888 1344 3333313,
899 1283 986 1343 iactas,
998 1298 1043 1346 per
1053 1283 1161 1332 eundem
1173 1283 1329 1346 consignatas

279 1350 306 1393 et
322 1346 403 1408 3131113
421 1347 586 1396 Officislitstis
604 1348 758 1407 Iixoniensis,
776 1348 841 1397 Sede
858 1353 969 1408 3333313,
980 1347 1096 1410 31333133,
1108 1362 1159 1396 333
1177 1347 1331 1408 cancellatos,

279 1425 330 1458 non
341 1411 453 1473 abolitas,
464 1412 542 1461 33113
552 1412 636 1475 aliqua
648 1413 704 1475 ejus
715 1417 785 1475 parte
796 1413 906 1471 31313133,
921 1412 1082 1474 inspeximus,
1094 1412 1142 1460 sub
1153 1412 1199 1460 hac
1211 1411 1332 1460 133333.-

279 1475 471 1525 Memorsndum
482 1477 558 1540 quod,
570 1492 628 1525 cum
639 1492 684 1539 per
700 1476 893 1540 inquisicionem
910 1477 936 1525 in
955 1477 1082 1526 Decsnstu
1094 1477 1126 1524 de
1139 1476 1272 1552 3113313333
1289 1492 1333 1539 333

279 1539 429 1602 Magistrum
455 1541 479 1590 J.
502 1541 535 1590 (13
557 1541 679 1600 Penbrok,
702 1541 907 1590 commissarium
927 1547 1048 1597 nostrum.
1074 1545 1223 1589 sustentate
1245 1544 1331 1588 333133

279 1603 403 1666 legittime
413 1605 514 1665 tectam,
525 1610 682 1667 compertum
692 1610 759 1654 esset
769 1607 838 1668 quod
847 1605 942 1654 Viceria
953 1605 1058 1654 lieclesie
1069 1607 1101 1654 de
1113 1605 1267 1682 Herpeiorde
1278 1610 1332 1654 tam

279 1669 363 1717 tennis
379 1670 629 1729 31331113331313331,
644 1675 746 1733 propter
763 1671 832 1731 quod
847 1671 937 1730 Adsm,
954 1670 1068 1733 ejusdem
1084 1669 1192 1718 Ecclesre
1208 1669 1330 1731 vicarius,
1416 1683 1425 1702 ·

279 1733 477 1796 hospitalitatem
495 1738 572 1797 prout
586 1733 685 1783 deceret
700 1739 793 1793 tenere,
809 1750 839 1783 ee
855 1735 903 1782 alis
919 1750 994 1782 onera
1010 1734 1134 1782 333133τί3
1152 1733 1219 1783 31313
1234 1733 1331 1783 Vicsrie

278 1797 452 1850 incumbentia
473 1804 619 1862 supportem
641 1815 692 1848 333
714 1804 805 1861 posset,
827 1814 880 1858 nos,
904 1799 1035 1861 Philippus
1056 1799 1088 1848 (13
1110 1799 1202 1848 Sancto
1217 1799 1331 1859 Austolc,

235 1873 238 1878 ·
280 1862 398 1910 Officialia
420 1863 559 1912 1133333331
585 1863 675 1922 Petris,
698 1863 801 1912 Domini
824 1863 1009 1913 cantuariensis
1031 1863 1222 1926 Archispiscopi,
1250 1864 1332 1912 tocius

278 1925 369 1988 1133113
384 1927 508 1988 Primatis,
523 1927 551 1976 in
570 1928 679 1977 01311313
696 1932 723 1976 31
737 1928 836 1977 Diocesi
853 1928 955 1989 Exonie,
972 1928 1037 1977 Sede
1053 1931 1164 1987 vacante,
1181 1942 1213 1976 33
1231 1928 1331 1990 speciali

279 1995 404 2052 potestate
415 1992 486 2041 nobis
493 1993 583 2041 edicto
594 1992 703 2041 Domino
714 1992 740 2041 in
750 1992 797 2041 hec
805 1997 877 2055 perte
888 1992 1025 2053 commissa,
1038 1992 1118 2041 Officii
1129 1992 1208 2041 nostri
1216 1991 1332 2042 debitum

279 2056 1330 2184 efflictis?dimititttffitiifflttuitii‘

641 2159 647 2182 1

278 2183 352 2244 dicte,
370 2185 402 2234 33
418 2187 485 2234 diem
500 2186 618 2235 Mercurii
633 2186 774 2249 proximam
790 2191 847 2248 post
863 2186 969 2235 Festum
986 2186 1058 2234 Beati
1075 2185 1202 2234 Michaelis
1220 2185 1246 2246 [2
1262 2184 1330 2249 031]

279 2249 306 2296 13
324 2250 414 2312 1131331
431 2251 540 2300 Ecclesia
557 2251 698 2310 1133313331,
718 2266 801 2299 coram
817 2250 889 2299 nobis
911 2250 937 2298 in
958 2251 1083 2314 1331313333
1104 2250 1210 2299 fecimus
1227 2251 1330 2310 evocari,

278 2313 395 2374 raciones,
407 2316 429 2363 31
439 2331 502 2378 quas
513 2316 624 2373 heberet,
636 2331 713 2378 quare
724 2315 811 2364 Porcio
822 2315 884 2364 31311
896 2315 986 2364 Victrii
998 2315 1155 2378 augmentari
1166 2329 1217 2363 nou
1228 2315 1332 2364 deberet

279 2379 371 2440 precise
379 2385 406 2428 31
414 2380 580 2443 peremptorie
588 2385 754 2428 ostensurum.
787 2381 842 2440 Quo
851 2380 891 2428 die
900 2379 974 2428 dictis
983 2379 1067 2428 Priore
1076 2384 1102 2428 et
1110 2379 1208 2428 Victrio
1217 2394 1330 2442 persons·

278 2442 336 2491 liter
351 2445 377 2491 13
393 2445 489 2507 judicio
505 2445 706 2508 comparentibus
722 2460 805 2493 coram
821 2445 900 2505 nobis,
918 2445 1004 2494 eedem
1021 2444 1108 2493 Partes
1125 2459 1212 2507 pecem
1227 2444 1294 2492 13133
1304 2459 1332 2492 se

278 2509 509 2573 3313333331333133
528 2510 664 2573 cupientes,
683 2525 760 2573 quam
778 2525 854 2573 super
870 2509 1075 2573 segmentacione
1097 2509 1164 2558 dicte
1180 2508 1276 2558 Victrie
1299 2523 1331 2559 33

278 2574 364 2621 Officio
381 2576 461 2623 nostri
477 2575 563 2623 debito
579 2574 737 2623 Sentencism
755 2580 893 2636 expectare,
905 2574 990 2623 amicis
1002 2575 1177 2623 communibus
1195 2574 1328 2622 interveni·

277 2639 378 2686 entibus
390 2656 434 2701 pro
445 2640 511 2687 bono
522 2640 595 2703 pacis,
607 2639 674 2687 inter
684 2654 711 2688 se
722 2644 917 2701 composuerunt
927 2639 1089 2687 amicabiliter
1100 2638 1126 2687 in
1138 2639 1206 2687 hunc
1216 2639 1328 2698 modum,

277 2703 432 2764 -313311331,
449 2705 518 2766 quod
533 2704 616 2752 dictus
633 2704 747 2752 Vicsrius
763 2704 855 2751 13313331
869 2704 965 2752 Victrie
982 2704 1082 2752 nomine
1099 2708 1227 2766 perpetuo,
1245 2707 1330 2752 totum

277 2767 417 2829 sltilagium
433 2769 500 2817 dicte
517 2769 625 2818 Ecclesic
641 2769 674 2817 de
690 2769 845 2831 Herpeicrde
862 2773 888 2816 31
905 2767 1004 2830 capelle
1020 2769 1052 2816 de
1069 2768 1200 2830 Fenotsry,
1212 2772 1331 2817 ettotam

277 2832 399 2881 decimum
415 2834 548 2895 garbarum
561 2833 587 2881 in
599 2833 720 2882 Orientali
736 2839 807 2895 parte
824 2833 891 2880 bosci
909 2832 1011 2881 Domini
1021 2834 1053 2880 de
1065 2832 1226 2895 Herpsiorde,
1238 2831 1331 2881 scilieet

277 2896 400 2945 decimum
410 2898 492 2946 tocius
503 2897 568 2946 Ville
579 2898 611 2945 de
622 2897 783 2960 Boghewode,
791 2911 850 2945 cum
860 2898 955 2945 decima
964 2897 1044 2945 tocius
1055 2896 1120 2945 Vilia
1129 2898 1160 2945 de
1169 2896 1331 2957 Stowaicrde,

276 2966 304 3009 31
318 2977 377 3011 cum
388 2962 512 3012 dominico
524 2961 626 3011 Domini
637 2978 668 3011 33
685 2962 772 3010 eedem
789 2966 860 3023 perte
877 2962 961 3021 bosoi;
980 2962 1016 3009 ita
1033 2962 1101 3024 quod
1117 2962 1201 3011 dictus
1217 2960 1331 3010 Vioarius

276 3026 366 3073 amodo
382 3042 433 3075 nou
449 3027 570 3090 percipiet
580 3042 595 3074 s
605 3026 674 3075 dicto
690 3026 774 3075 Priore
790 3034 900 3089 quatuor
917 3042 1010 3075 marces
1027 3041 1090 3089 quas
1106 3026 1138 3074 ab
1154 3042 1182 3074 eo
1194 3026 1219 3072 13
1233 3030 1330 3087 portem

276 3089 372 3139 Vicerie
391 3107 436 3140 sue
452 3092 583 3141 annuatim
599 3092 724 3154 percipere
741 3091 888 3150 consuevit,
912 3090 1003 3151 dictus,
1023 3090 1107 3149 eciam,
1127 3090 1240 3139 Vicerius
1256 3090 1331 3139 dictis

276 3154 384 3231 Ecclesie
391 3161 417 3204 31
425 3156 524 3219 capelle
536 3156 647 3216 honeste,
657 3171 725 3204 more
737 3155 818 3214 solito,
828 3160 855 3203 31
861 3156 948 3231 debite
959 3154 1034 3203 133131
1044 3154 1169 3231 deserviri,
1181 3154 1329 3231 3333313331-

274 3218 1331 3348 1313131333131113131131311113133313

275 3349 424 3409 posicionem
435 3350 577 3413 1313133333,
587 3350 649 3412 quin
655 3350 741 3412 pocius
751 3350 848 3397 1333313
856 3349 985 3398 materiem
992 3353 1129 3411 amputare,
1142 3348 1246 3396 eundem
1256 3348 1328 3397 com·

274 3412 423 3473 posicionem
429 3419 510 3463 ratam
517 3414 638 3463 hebentes
647 3414 738 3476 periter
746 3418 772 3461 31
780 3418 914 3475 acceptam,
923 3414 1011 3476 ipsam,
1020 3413 1169 3461 3331331313
1185 3412 1329 3475 33313331·

274 3491 332 3524 mur
342 3477 368 3525 in
380 3478 427 3526 hoo
443 3484 520 3541 33313,
537 3484 624 3527 tenore
641 3478 800 3527 Presencium
818 3476 1001 3537 confirmamus,
1013 3481 1040 3525 et
1050 3478 1116 3525 inter
1128 3478 1221 3537 Partes,
1234 3481 1264 3525 31
1275 3492 1329 3539 pre·

274 3542 394 3601 mittitur,
405 3542 459 3591 fore
475 3544 660 3605 exsequendum
671 3542 779 3591 inoliter
791 3542 1060 3605 pronunciamus-In
1072 3542 1146 3604 cujus
1163 3542 1199 3589 rei
1215 3541 1327 3591 testimo·

273 3606 345 3653 nium
356 3608 467 3669 sigillum
476 3608 640 3656 0313131113113
649 3607 805 3665 3333133313,
814 3608 879 3655 Sede
888 3612 996 3666 3333313,
1007 3611 1045 3654 est
1052 3605 1328 3669 appensum—Datum

273 3670 376 3728 Exonie,
385 3672 506 3720 dicioris
517 3673 631 3735 proxima
640 3676 697 3735 3331
705 3672 809 3720 Festum
823 3672 908 3721 Sancti
916 3672 1042 3719 Michaelis
1055 3670 1202 3732 Archangeli
1214 3669 1239 3730 [3
1252 3668 1328 3732 0311,

272 3734 691 3785 313331133313111111133133300ιιὶο
707 3736 864 3798 octogesimo.
899 3736 958 3795 Nos,
973 3751 1031 3785 vero
1032 3770 1184 3797 .......
1203 3750 1253 3796 que
1264 3736 1328 3783 circa

272 3800 382 3861 predicte
391 3800 487 3849 Vicarie
495 3801 727 3863 augmentucionem
737 3806 793 3849 3313
804 3805 867 3849 3331
876 3800 1075 3862 gratuhsbentes
1084 3800 1176 3863 pariter
1185 3804 1325 3861 3133333313,

271 3864 325 3925 ipsa
346 3866 497 3914 auotoritete
519 3866 712 3928 Metropolitum
728 3864 924 3924 confirmemus3
954 3870 987 3922 31,
1008 3869 1039 3914 31
1056 3864 1229 3927 plenissimum
1251 3864 1327 3912 robur

271 3928 398 3977 firmitatis
420 3931 558 3992 optineant,
578 3929 654 3993 3131111
674 3930 755 3978 333131
776 3930 938 3992 impressione
962 3929 1236 3988 munimus—Datum,
1259 3928 1327 3989 3333

271 3993 471 4057 Suthmallynge,
488 3995 524 4058 1111
543 3995 605 4043 1333
621 3994 731 4057 Augusti
748 3994 790 4055 [10
808 3994 891 4056 Aug.],
913 3995 986 4043 Anno
1003 3994 1106 4043 Domini
1123 3992 1255 4041 Millesimo
1273 3990 1327 4042 00ο

270 4060 421 4121 octogesimo
437 4060 525 4122 primo,
543 4065 570 4107 31
587 4059 787 4109 consecracionis
803 4064 889 4107 nostre
905 4057 990 4107 tercio.

222 4120 434 4172 Ili-Univerais
443 4126 533 4173 Sancte
539 4125 626 4173 listris
631 4123 739 4172 Ecclesie
747 4122 804 4171 filiis
814 4128 940 4185 presentes
950 4124 1045 4172 Literss
1054 4121 1202 4185 inspecturis
1209 4122 1248 4171 331
1255 4120 1325 4170 andi·

269 4188 335 4236 turis
347 4190 498 4237 Edmundus
514 4188 609 4252 [iaoy],
626 4188 786 4237 miseracione
798 4188 888 4236 013133
900 4188 1046 4236 Exouiensis
1060 4188 1203 4249 Episcopus,
1216 4187 1323 4235 mlutem

269 4252 296 4300 iu
307 4254 421 4301 omnium
432 4254 567 4314 Salvatore,
580 4260 606 4302 31
616 4253 692 4301 113333
703 4253 834 4301 1333131333
845 4253 1004 4301 Presentibus
1015 4252 1323 4299 sdlriberi-Universita-

269 4317 303 4364 tis
321 4323 402 4366 vestre
418 4320 510 4368 noticie
526 4318 617 4368 deduci
632 4318 756 4376 volumus,
767 4318 844 4379 quod,
860 4317 971 4376 inspecto
989 4316 1103 4379 Registro
1124 4316 1186 4364 bone
1205 4316 1324 4363 memorie

270 4380 373 4438 Domini
385 4384 488 4441 11311331
502 4384 588 4449 Primi,
600 4382 781 4433 Predetessoris
793 4382 880 4448 nostri,
892 4381 1033 4437 invenimus
1044 4382 1071 4433 iu
1082 4396 1111 4430 ec
1122 4381 1244 4433 contineri
1255 4380 1325 4448 quod
