3242 5100
305 519 377 594 336
565 543 643 596 rnn
660 544 848 599 naersrna
866 498 914 599 cr
933 548 1066 600 arsace
1084 549 1230 614 Qnrvm.

312 697 487 774 BAMProN,
515 697 617 764 Vicat·
631 698 721 776 oi,-

375 803 416 852 No
434 802 582 853 Institution
599 803 621 852 is
636 803 772 863 recorded;
788 804 836 853 but
852 802 959 854 wedam
970 804 999 854 de
1012 804 1131 854 euolat
1142 821 1228 855 occurs
1239 823 1266 856 as
1285 806 1363 868 Viccr,
1375 823 1407 857 on
1420 808 1463 857 the

409 868 607 994 §Zugipyjm
622 868 667 918 the
683 868 844 918 Purification
861 869 887 932 [8
905 868 983 933 Febj
1003 871 1093 919 mese
1114 870 1236 931 (Arelatem
1251 871 1283 934 cf
1294 871 1332 922 tle
1349 871 1380 922 D.
1394 875 1416 922 ct
1428 873 1462 934 0..
1480 925 1485 932 ,

313 1012 582 1079 Benearnum
605 1013 692 1097 [Ber‚
708 1013 802 1098 MS.]‚
819 1013 954 1080 Rectore
971 1013 1059 1090 ci,-

376 1116 494 1232 Jollulrbgle
510 1119 537 1167 la
559 1117 639 1186 rme,
656 1119 714 1168 inst
733 1120 764 1166 14
777 1114 854 1178 reb.)
872 1118 981 1178 lael-Q
1000 1119 1092 1167 Patron
1109 1118 1149 1168 Sir
1167 1119 1287 1182 Regindd
1298 1120 1330 1169 de
1342 1120 1465 1180 Ferariis3

380 1220 632 1362 Wffissedeg6b
643 1248 728 1312 priee‘t¹
745 1247 898 1307 succeeded;
919 1247 950 1296 he
967 1262 1016 1296 vae
1033 1247 1093 1296 inst.
1113 1247 1142 1299 17
1161 1248 1249 1311 April²,
1268 1249 1348 1310 laem
1371 1250 1465 1301 Patron

545 1349 552 1373 ‚
634 1347 640 1360 .

313 1391 434 1456 Bnaar
457 1393 615 1470 Narenos,
637 1393 757 1459 Rector
771 1392 859 1469 ot·-

376 1496 471 1546 llaster
488 1495 572 1546 Ianus
589 1496 620 1546 de
638 1496 758 1557 Plessnce,
777 1497 861 1545 whose
883 1495 1035 1545 Institution
1056 1497 1077 1546 ie
1099 1501 1145 1545 not
1166 1497 1292 1556 recorded,
1322 1513 1409 1548 coctus
1437 1513 1465 1548 aa

410 1563 509 1619 Rector,
521 1561 551 1610 21
564 1559 632 1611 θοι.3
649 1562 710 1611 1281
722 1577 730 1622 ;
747 1558 815 1612 113¹).

375 1642 429 1692 'l'he
439 1643 566 1707 following
576 1643 720 1692 Document
731 1641 853 1703 (Arellius
863 1640 893 1704 of
900 1641 938 1692 Ure
949 1641 1020 1692 Deua
1031 1640 1083 1691 cad
1095 1640 1206 1705 Olcpler,
1215 1642 1262 1692 No.
1276 1643 1358 1705 2110),
1367 1643 1418 1694 will
1429 1645 1461 1693 be

408 1708 468 1756 read
484 1708 546 1758 with
561 1708 666 1757 interest
677 1707 859 1757 2-Vsnerabili
877 1707 904 1755 in
924 1706 1024 1756 Christe
1043 1706 1114 1756 Patri
1133 1713 1159 1756 et
1179 1707 1294 1768 Domino,
1312 1708 1394 1770 Petro,
1413 1709 1462 1759 Dei

407 1772 489 1836 gracia
505 1772 639 1822 Exoriensi
656 1773 785 1836 Episcopo,
803 1771 920 1821 Officialis
937 1771 1012 1820 Ourie
1032 1771 1218 1821 Cantauriensis
1229 1773 1337 1822 salutem
1349 1777 1460 1822 attento

408 1838 477 1886 Patri
488 1837 688 1886 reverencismin
695 1837 804 1886 Domino
815 1835 1065 1899 genuflexum-Sua
1074 1836 1144 1885 nobis
1155 1837 1264 1886 Jacobus
1275 1837 1307 1886 de
1318 1837 1461 1899 Placenciis,

407 1901 499 1951 Recior
510 1902 619 1950 Ecclesie
629 1902 661 1950 de
673 1901 742 1951 Beni
751 1901 877 1964 Neybmd,
887 1901 1033 1950 Exonieneis
1044 1901 1161 1962 Diocesie,
1174 1901 1300 1950 Peticione
1311 1903 1461 1952 monstravit

407 1967 482 2029 quod,
496 1982 555 2016 cum
570 1967 623 2030 ipse
634 1967 739 2015 eandem
751 1966 886 2014 Ecclesiam
897 1981 968 2014 suam
977 1966 1067 2015 fuisset
1078 1970 1105 2014 et
1115 1966 1150 2014 ait
1160 1967 1275 2014 canonice
1286 1973 1421 2027 assecutus,
1434 1972 1461 2016 et

406 2032 512 2080 eandem
528 2047 572 2094 per
586 2047 637 2081 non
655 2031 755 2080 modica
771 2035 884 2093 tempora
901 2031 1000 2092 pacifice
1015 2031 1166 2093 possedisset
1181 2035 1208 2078 et
1224 2031 1316 2094 quiete,
1334 2037 1361 2080 et
1377 2031 1460 2081 adhuc

406 2096 532 2158 possideat
542 2096 568 2145 in
579 2096 696 2157 presenti,
708 2096 836 2145 Johannes
846 2099 931 2144 tamen
943 2096 975 2143 tle
987 2095 1089 2155 Excute,
1102 2095 1212 2157 ctericus,
1224 2095 1286 2144 iuteo
1297 2101 1324 2144 et
1335 2097 1459 2146 maliciose

406 2160 550 2224 confingens
566 2161 661 2209 dictam
677 2160 813 2209 Ecdesiam
830 2160 861 2208 de
878 2160 947 2208 Berri
966 2159 1081 2222 Neyberd
1099 2175 1151 2208 esee
1174 2165 1311 2221 vacantem,
1329 2176 1387 2209 cum
1407 2176 1458 2211 non

406 2231 511 2286 vacaret,
531 2240 546 2273 a
565 2224 694 2288 Religiosis
711 2225 778 2285 viris,
798 2224 883 2273 Priore
905 2229 932 2272 et
955 2222 1086 2273 Conventa
1104 2225 1136 2272 de
1155 2225 1246 2284 Leues,
1267 2227 1311 2288 qui
1329 2225 1459 2275 sedicunt

405 2290 520 2352 ejusdem
532 2290 640 2339 Ecclesia
651 2290 780 2349 Petrocori,
800 2290 833 2338 ad
843 2289 948 2337 eandem
960 2289 1095 2338 Ecclesiam
1107 2288 1185 2349 vobis,
1197 2295 1227 2338 ut
1238 2289 1337 2350 dicitur,
1349 2290 1380 2338 de
1391 2290 1459 2339 lactc

404 2369 431 2402 se
450 2355 594 2417 procuravit
610 2355 765 2418 presentari;
782 2355 900 2416 idemque
915 2354 1031 2413 Jaocbus,
1049 2358 1164 2402 metuens
1181 2354 1228 2402 sibi
1244 2369 1275 2402 ex
1295 2355 1343 2403 biis
1359 2359 1386 2404 et
1404 2355 1459 2404 aliis

404 2420 484 2467 causis
501 2419 676 2469 verisimilibus
691 2424 718 2468 st
733 2418 905 2482 probabilibus
924 2418 1074 2480 conjecturis
1088 2433 1133 2480 per
1148 2433 1192 2466 vce
1206 2434 1277 2480 posse
1295 2419 1321 2468 in
1340 2419 1458 2470 laturum

404 2484 572 2546 prejudicium
594 2484 713 2547 generari,
733 2499 765 2532 ne
784 2499 828 2531 voa
848 2483 956 2532 eundem
975 2482 1116 2532 Johnnnem
1139 2484 1171 2530 ad
1193 2484 1298 2532 eundem
1322 2484 1458 2534 Ecclesiam

403 2549 578 2611 admitteretis,
590 2565 636 2599 seu
645 2549 741 2599 literas
752 2564 827 2611 super
834 2547 921 2597 eadem
931 2547 1039 2597 Ecclesia
1048 2547 1231 2610 Inquisitorias,
1241 2548 1295 2610 ipsc
1304 2564 1355 2597 non
1363 2554 1451 2598 vocato

402 2614 518 2663 faceretis
533 2630 578 2663 seu
595 2614 647 2663 fieri
662 2614 848 2677 permitteretis,
864 2613 955 2661 Scdem
967 2614 1142 2676 Apostolicam,
1155 2618 1182 2661 et
1193 2629 1237 2676 pro
1249 2613 1357 2662 tuicione
1368 2614 1459 2663 Scdem

403 2679 616 2738 (lantoniensem,
636 2679 766 2741 legittime,
785 2682 817 2727 ut
835 2678 930 2737 asserit,
950 2677 1093 2741 provocavit
1110 2692 1154 2725 seu
1171 2678 1322 2740 appellavit;
1345 2682 1386 2726 set
1407 2694 1458 2741 vos,

404 2743 550 2806 hujusmodi
568 2743 748 2793 Provocacionc
769 2758 814 2791 seu
832 2742 1008 2805 Appellaeione
1027 2757 1077 2790 non
1100 2742 1223 2801 obstante,
1243 2742 1324 2791 eidem
1346 2742 1458 2792 Jchanni

403 2808 500 2857 literae
521 2813 616 2857 vestras
637 2807 814 2870 Inquisitorlas
835 2822 909 2869 super
931 2808 1017 2855 eadem
1040 2806 1249 2855 Ecclesia-dicto
1276 2806 1377 2869 iacebo,
1400 2822 1460 2856 vero

403 2873 517 2934 ejusdem
537 2873 645 2921 Ecclesie
664 2874 776 2931 Rectore,
793 2876 825 2920 ut
843 2871 938 2932 asserit,
959 2886 1009 2919 non
1028 2876 1122 2931 vocato,
1143 2871 1224 2934 cujus
1239 2872 1359 2920 intererat
1380 2877 1458 2934 prout

402 2936 502 2997 dicitur,
515 2954 561 2986 nec
572 2937 804 3001 percontumaciam
814 2936 1109 2995 absente-concessistis,
1121 2950 1164 2984 ssu
1178 2935 1272 2998 inquiri
1278 2936 1459 2997 demandastis,

401 3002 428 3049 in
446 3002 560 3065 ejusdem
583 3002 670 3051 Jacobi
692 3000 867 3064 prejudicium,
885 3001 1024 3063 dampnum
1047 3016 1096 3049 non
1120 3000 1253 3061 modicum,
1270 3006 1297 3049 et
1315 3016 1456 3063 gravamen

402 3066 477 3116 Unde
493 3067 560 3115 idem
577 3066 692 3124 Jacobus,
710 3065 821 3114 senciens
838 3081 869 3113 ex
885 3065 934 3113 hiis
951 3080 995 3127 per
1011 3080 1055 3113 vos
1073 3064 1184 3113 indebite
1200 3080 1227 3113 se
1243 3066 1346 3127 meari,
1364 3066 1455 3115 Sedent

400 3131 577 3193 Apostolicam,
595 3135 622 3179 et
640 3147 685 3193 pro
703 3129 812 3179 tuicione
831 3129 920 3177 Sedem
940 3129 1152 3188 Cantuarieusem,
1169 3129 1299 3191 legittime,
1311 3134 1342 3177 ut
1360 3130 1457 3191 amerit,

400 3196 540 3258 appellavit
568 3196 687 3255 Quocirca
695 3194 765 3243 vobis
776 3193 927 3249 inhibemus,
939 3198 965 3241 et
976 3209 1020 3255 per
1027 3209 1070 3242 voe
1079 3193 1166 3241 ceteris
1178 3193 1294 3242 omnibus
1305 3193 1398 3256 quibus
1406 3194 1455 3243 Jus

401 3260 479 3323 exigit
499 3260 613 3320 inhiberi,
631 3275 669 3319 ne,
686 3260 813 3323 pendente
831 3258 856 3306 in
883 3259 958 3307 Curia
983 3257 1158 3307 Cantuariensi
1185 3258 1331 3320 hujusmodi
1353 3259 1456 3308 tuitorls

401 3324 585 3387 Appellacicnie
607 3324 715 3387 negocio,
732 3323 827 3387 aliquid
844 3322 891 3371 hac
912 3322 1039 3371 occasione
1061 3323 1219 3385 attemptatis
1241 3338 1286 3371 seu
1308 3324 1455 3386 attemptari

401 3389 499 3438 iacietis
510 3390 536 3438 in
548 3389 630 3437 Partis
640 3388 809 3452 prejudicium
821 3387 975 3450 appellantis,
983 3388 1118 3450 quominus
1126 3388 1228 3435 liberam
1241 3386 1332 3436 habeat
1342 3403 1455 3450 prosecu-

402 3454 498 3502 cicnem
514 3453 681 3516 Apellacionis
696 3469 749 3513 sue,
766 3456 843 3515 prout
864 3452 963 3514 justum
979 3452 1057 3500 fuerit
1074 3451 1201 3514 utrinque.
1253 3452 1350 3513 (litatis,
1368 3452 1454 3511 eciam,

402 3519 531 3567 sancituri
546 3518 650 3577 faciatis,
663 3516 828 3580 peremptorie
844 3516 945 3565 Partem
960 3516 1118 3579 Appellatam
1134 3518 1202 3578 quod
1218 3521 1359 3579 compareat
1373 3531 1457 3566 coram

402 3582 481 3642 nobis,
504 3584 543 3631 vel
566 3582 740 3631 Commiaaario
768 3586 860 3641 nostro,
888 3581 915 3629 in
944 3581 1053 3629 Ecclesia
1080 3582 1157 3629 Beate
1179 3582 1257 3629 Maria
1279 3582 1311 3629 de
1332 3581 1455 3641 Areubus,

404 3648 545 3706 londonie,
558 3648 635 3696 tercio
652 3646 700 3695 Die
711 3647 728 3695 J
730 3646 824 3694 undicc
836 3650 893 3708 poet
909 3645 1066 3693 Dominicam
1086 3660 1135 3707 qua
1148 3650 1264 3693 crnbttur
1276 3644 1458 3695 Mutrium-diue

403 3712 506 3761 Domini
517 3710 544 3774 [2
561 3710 638 3776 liap],
654 3711 790 3765 iacturaet
809 3714 939 3773 receptura
962 3725 1037 3773 super
1056 3709 1182 3772 premissis
1207 3711 1275 3771 quod
1295 3710 1460 3773 postulaverit

401 3777 462 3825 ordo
478 3778 549 3839 juris,
561 3782 588 3825 et
598 3782 684 3839 parata
701 3777 733 3824 ad
751 3776 936 3838 procedendum
953 3775 979 3823 in
991 3774 1127 3837 principali,
1140 3774 1161 3822 si
1172 3774 1220 3822 sibi
1231 3774 1322 3823 viderit
1332 3775 1457 3837 expedire,

400 3842 433 3891 de
443 3842 484 3890 die
495 3858 553 3890 veru
564 3840 713 3905 recepcicnis
724 3840 885 3889 Presencium
895 3855 902 3899 ;
919 3845 946 3887 et
957 3839 1026 3903 quod
1037 3854 1113 3901 super
1125 3838 1250 3901 premissis
1266 3839 1374 3887 feceritis
1385 3839 1458 3889 nobis

1144 3978 1235 3987 ...η-...-
1251 3980 1326 3987 -...-
1333 3979 1461 3990 ...ι-

335 4093 380 4126 use
402 4076 430 4126 oi
455 4076 525 4139 galla
572 4074 626 4125 'Phe
652 4075 781 4137 deatmyer
808 4073 853 4121 has
935 4071 1028 4135 Aprilis
1047 4072 1183 4121 institutus
1201 4072 1253 4120 init
1273 4072 1402 4121 Gilbertus
1424 4074 1458 4122 de

336 4142 425 4205 kindly
442 4142 542 4190 written
561 4140 588 4189 in
605 4138 785 4203 “Aylisbere,”
805 4138 854 4186 but
936 4171 941 4183 .
961 4172 966 4183 .
984 4170 991 4183 .
1008 4173 1014 4187 .
1033 4136 1161 4199 presbiter,
1171 4136 1197 4185 in
1209 4136 1318 4185 Ecclesia
1325 4138 1357 4185 de
1373 4173 1380 4186 .
1400 4174 1406 4187 .
1425 4174 1432 4187 .
1450 4174 1457 4187 .

336 4208 359 4254 it
374 4206 396 4254 is
412 4207 520 4268 scarcely
530 4205 637 4269 possible
653 4219 716 4253 even
727 4202 791 4251 with
801 4203 853 4251 this
935 4238 941 4249 .
959 4236 965 4249 .
984 4237 990 4249 .
1008 4238 1014 4250 .
1032 4201 1064 4249 sd
1076 4202 1289 4263 presentaciouem
1306 4237 1312 4250 .
1333 4236 1339 4249 .
1357 4237 1363 4251 .
1383 4237 1389 4251 .

336 4270 395 4333 help
411 4275 439 4319 tc
455 4275 523 4319 traca
539 4270 583 4318 the
599 4284 679 4318 name.
720 4268 775 4317 'I'he
791 4272 854 4315 next
902 4264 910 4295 ¹
933 4266 975 4329 xvj
995 4266 1120 4315 Kalendas
1132 4266 1223 4314 Marcii

336 4336 419 4398 Entry
429 4336 451 4384 is
462 4334 605 4398 pmetically
615 4334 763 4410 destroyed:
782 4332 795 4381 Ι
806 4346 852 4380 ean
903 4328 912 4359 ²
930 4346 963 4378 xv
976 4330 1101 4379 Kalendas
1114 4330 1179 4379 Maii

335 4400 395 4453 rasel
413 4416 447 4456 no
465 4414 535 4456 more
552 4398 665 4452 tban-“
670 4398 707 4466 xij
726 4396 853 4447 Kalendas
902 4392 964 4465 ³xij
983 4395 1109 4447 Kuendu
1121 4393 1278 4447 Novembris
