3242 5100
285 531 332 602 60

512 544 654 600 mesor
671 525 981 601 esonasoonsa’s
998 547 1194 602 aserenan

382 701 519 765 patrocinio
546 702 805 752 communimus-In
835 702 910 766 cujus
939 703 975 751 rei
997 703 1172 752 testimonium
1194 705 1322 765 presentes
1344 701 1442 750 Literna

382 765 456 830 sigilli
465 767 545 816 nostri
561 767 723 830 impressione
741 767 862 816 duximus
877 768 1168 817 roborandas-Datum
1187 768 1255 831 apud
1274 766 1442 828 Cheddelegh,

380 831 407 879 in
427 831 535 880 crastino
555 831 642 882 Sancti
652 830 759 881 Dionisii
775 830 818 894 [10
831 830 908 894 Oct]‚
926 833 1001 881 Anno
1020 833 1107 882 Gracie
1126 833 1166 882 ΜΘ
1182 831 1235 882 00⁰
1252 832 1291 881 lx⁰
1305 831 1394 895 primo,
1414 836 1441 880 et

382 896 579 946 consecracionis
591 901 675 946 nostre
688 901 778 960 quarto
791 913 797 957 ;
811 893 864 945 22¹³.

283 994 585 1146 -Apgrqprietion
600 993 636 1059 of
651 994 708 1060 the
725 993 857 1060 Ohurch
871 993 907 1058 oi
934 993 1107 1080 Coleridge
1127 999 1163 1060 to
1188 994 1245 1060 the
1270 994 1384 1060 Vicere
1407 993 1443 1060 oi

399 1102 435 1146 re
458 1081 582 1158 iton,—

349 1185 423 1234 Anno
440 1185 527 1235 eodem
539 1185 624 1248 [1269]
636 1185 714 1234 exivit
726 1184 810 1234 Litera
821 1185 848 1234 in
860 1184 908 1234 hac
918 1185 999 1234 torma
1015 1185 1184 1235 :-Univcrsis
1196 1185 1323 1245 etc.,-Eo
1345 1184 1440 1247 puriori

381 1249 504 1301 desiderio
524 1250 662 1299 studiosius
684 1255 723 1298 est
745 1251 887 1313 appetenda
914 1265 1015 1299 concors
1043 1250 1203 1299 uniformitas
1229 1266 1281 1314 quo
1303 1250 1440 1299 deformius

381 1321 480 1364 caterva
491 1315 611 1364 nimirum
629 1315 730 1374 decors,
746 1331 790 1378 pre
802 1315 886 1378 inopia
906 1315 1051 1377 frequenter
1063 1315 1215 1375 exorbitans,
1224 1316 1319 1364 efficere
1335 1319 1440 1363 conetur

381 1381 450 1444 quod
461 1395 512 1429 non
523 1380 598 1440 valet,
610 1380 694 1444 sicque
705 1379 789 1429 evenit
807 1384 839 1428 ut
857 1395 921 1442 quas
938 1380 1015 1428 debet
1034 1381 1120 1429 laudes
1134 1395 1184 1428 non
1202 1380 1309 1429 exsolvit
1321 1379 1437 1428 Creatori

382 1446 447 1495 Sane
469 1449 566 1494 statum
593 1444 774 1495 Griditonensis
804 1444 921 1501 Ecclesie,
942 1445 968 1493 in
994 1461 1040 1492 suo
1062 1445 1148 1493 ordine
1167 1445 1226 1493 olim
1247 1444 1394 1506 preclarum,
1412 1448 1439 1491 et

381 1525 487 1560 numero
498 1511 584 1559 decem
596 1515 623 1559 et
633 1515 690 1559 osto
709 1509 892 1559 canonicorum
903 1510 1049 1558 ordinatum
1065 1510 1097 1557 ub
1108 1510 1220 1572 antiquo,
1233 1515 1337 1572 laterna
1348 1509 1436 1557 sollici-

381 1575 471 1624 tudine
484 1576 583 1624 dudum
600 1575 792 1634 considerantes,
804 1575 1132 1636 ipsum,sdduodena1ium
1149 1589 1284 1622 numerum
1300 1574 1439 1631 redactum,

380 1641 414 1689 nd
425 1655 484 1688 eum
501 1640 527 1688 in
543 1652 593 1701 quo
613 1640 664 1689 fuit
683 1656 698 1688 a
714 1639 804 1688 diebus
823 1639 935 1701 antiquis
954 1639 1089 1688 institutus
1107 1654 1242 1688 numerum
1258 1638 1438 1687 deliberacione

381 1704 485 1768 provida
506 1704 683 1764 revocavimus,
706 1719 749 1752 sex
772 1703 911 1753 canonicos
929 1708 956 1751 et
977 1704 1086 1752 totidem
1106 1703 1218 1752 Vicerios
1235 1704 1271 1752 ibi
1289 1703 1438 1761 statuendo;

380 1770 531 1830 ordinantes,
544 1769 610 1818 deut
618 1774 680 1818 tunc
692 1768 830 1831 potuimus,
843 1768 987 1831 utquilibet
995 1769 1120 1817 dictorum
1128 1785 1171 1817 sex
1181 1769 1336 1817 vicariorum
1348 1768 1438 1831 viginti

381 1835 473 1884 solidos
494 1849 591 1883 annuos
612 1849 656 1897 per
675 1849 765 1882 manus
787 1833 890 1881 Domini
912 1834 958 1892 sui,
981 1834 1096 1896 ejusdem
1113 1834 1172 1882 Ioci
1192 1833 1316 1894 Canoaid,
1336 1833 1438 1882 nomine

380 1899 477 1949 Vicsrie
496 1898 616 1962 pereipiat
635 1899 774 1957 annuatim,
800 1897 860 1946 licet
877 1898 968 1946 exinde
986 1899 1116 1946 commode
1136 1903 1264 1960 nequeant
1294 1898 1436 1947 sustentari.

381 1964 489 2012 Proinde
508 1967 683 2026 paupertatem
710 1962 819 2011 Ecclesia
845 1963 956 2025 predicte
981 1963 1156 2011 subvencionis
1176 1964 1248 2011 oculo
1270 1963 1436 2025 respicientes,

380 2029 545 2092 parochialem
571 2027 706 2076 Ecclesiam
730 2027 761 2075 de
784 2027 905 2089 Oolrigge,
928 2026 1001 2089 cujus
1024 2027 1220 2076 Aalvocacionem
1243 2028 1349 2076 dilectus
1370 2027 1438 2076 filius

381 2094 509 2142 Juhsnnes
527 2092 617 2155 Wiger,
640 2091 719 2150 Miles,
739 2091 794 2140 Deo
813 2097 840 2140 et
861 2091 971 2140 Ecclesia
991 2093 1082 2140 Sancte
1099 2092 1186 2141 Crucis
1203 2093 1390 2151 Criditonensis,
1410 2098 1436 2140 et

379 2158 483 2207 Vieariis
503 2159 557 2206 Deo
582 2157 676 2205 ibidem
696 2156 869 2214 servientibus,
891 2171 972 2219 nuper
994 2157 1110 2216 contulit,
1131 2157 1229 2206 intuitu
1252 2158 1369 2218 caritatis,
1387 2157 1435 2206 toti

381 2222 565 2272 communitati
572 2221 727 2272 Viearlomm
737 2220 794 2269 Loci
804 2221 916 2282 predicti,
926 2222 1097 2270 accedenteed
1106 2222 1153 2270 hoc
1161 2222 1309 2270 dilectorum
1319 2222 1435 2282 filiorum,

381 2287 474 2337 Deceni
486 2292 513 2337 et
524 2286 636 2350 Capituli
649 2285 729 2334 nostri
738 2285 886 2334 Exonienais
893 2301 994 2333 assemu
1004 2286 1122 2348 legitimo,
1131 2286 1294 2335 attestacione
1308 2287 1436 2349 scripture

380 2353 503 2416 presentis
519 2350 714 2416 appropriamus,
732 2355 759 2400 et
775 2351 887 2411 eandem,
899 2351 1003 2398 cedente
1019 2350 1059 2399 rel
1076 2351 1211 2399 decedente
1227 2351 1306 2414 ipsius
1322 2353 1434 2411 Rectore,

381 2417 407 2467 in
419 2418 527 2468 Nomine
538 2415 641 2466 Domini
652 2416 725 2478 pleno
734 2414 792 2478 jure
803 2415 958 2477 assignamus
970 2420 1091 2478 perpetuo
1112 2415 1286 2477 possidendam
1298 2433 1304 2474 ;
1321 2416 1390 2464 salva
1408 2416 1435 2464 in

381 2500 409 2532 ea
429 2481 581 2546 competenti
601 2480 705 2540 Viceria,
726 2479 843 2528 canonice
859 2480 967 2528 taxanda
986 2494 1030 2542 per
1054 2495 1100 2528 nos
1119 2486 1147 2528 et
1167 2496 1317 2528 successores
1336 2486 1435 2529 nosnos

381 2548 475 2600 futuris
497 2546 660 2613 temporibus,
683 2545 857 2605 conterenda3
885 2544 1028 2593 ordinantes
1057 2551 1087 2594 ut
1109 2545 1224 2593 redditus
1251 2552 1278 2594 et
1299 2551 1435 2608 proventus

380 2615 542 2678 antiquorum
554 2612 708 2662 Vieariorum
720 2610 850 2671 steinauli
869 2610 959 2672 viginti
973 2611 1046 2658 solidi
1065 2610 1143 2658 annui
1162 2610 1266 2673 singulis
1284 2611 1387 2659 Vicariis
1404 2612 1435 2660 de

380 2696 446 2729 novo
457 2679 554 2739 creatu,
565 2682 597 2727 ut
608 2676 781 2740 supradictum
792 2679 832 2723 est
851 2675 977 2737 assignati,
996 2681 1021 2724 et
1038 2675 1134 2737 prefate
1153 2675 1261 2723 Fcclesie
1279 2677 1310 2724 de
1322 2676 1435 2738 Colrigge

381 2744 494 2793 redditus
513 2748 538 2792 et
562 2746 700 2806 proventus
719 2742 786 2789 inter
808 2740 918 2802 prefatos
941 2741 1027 2788 decem
1046 2744 1073 2788 et
1092 2744 1149 2788 octo
1167 2740 1277 2789 Vicerios
1299 2746 1326 2789 et
1347 2756 1434 2789 eorum

381 2824 532 2858 successores
552 2807 674 2870 equaliter
696 2804 828 2854 annuatim
846 2804 1031 2852 distribuantur
1049 2804 1075 2853 in
1094 2810 1251 2867 perpetuum
1296 2805 1434 2853 Adiaiendo

382 2888 482 2937 quoque
491 2873 628 2922 statuimus
640 2876 670 2919 ut
681 2871 777 2934 pretate
789 2867 899 2918 Ecclesie
911 2869 1028 2919 Canonici
1039 2874 1067 2917 et
1082 2869 1181 2929 vicarii,
1198 2875 1225 2919 et
1241 2885 1327 2919 eorum
1338 2886 1433 2918 succes-

381 2954 455 2999 sores,
474 2943 528 2987 mm
547 2941 663 2985 nocuum
682 2940 709 2984 et
727 2935 930 2998 predecessorum
949 2939 1092 2982 nostromm
1109 2950 1186 2997 quem
1202 2936 1293 2997 prefati
1311 2934 1434 2983 Johannis

381 3004 466 3067 Wiger
491 3007 519 3051 et
539 3000 728 3065 progenitorum
748 3014 852 3048 suorum
872 2998 978 3058 obitum,
997 2999 1023 3046 in
1044 2999 1153 3047 Ecclesia
1172 2999 1284 3061 predicte
1302 2999 1433 3047 annuatim

382 3068 476 3117 iaciant
487 3066 658 3129 sollempniter
669 3064 801 3120 celebra1i;
821 3065 982 3112 decernentes
1000 3069 1031 3111 nt
1045 3064 1131 3112 nullus
1145 3063 1261 3126 deinceps
1280 3064 1306 3113 in
1327 3064 1436 3112 Ecclesia

382 3132 494 3196 predicte
504 3132 617 3181 Vicerius
634 3130 792 3189 admittatur,
808 3144 941 3191 quousque
957 3134 1098 3190 presentem
1114 3134 1226 3177 nostram
1244 3129 1434 3177 Ordinecionem

382 3202 508 3261 quantum
516 3196 605 3259 inipso
616 3200 656 3243 est
665 3195 802 3254 observare,
812 3192 1064 3255 tuetisautinspectis
1079 3194 1253 3253 Sucrosunctis,
1262 3194 1435 3256 juramentum

381 3262 520 3325 prestiterit
539 3259 735 3323 corporale-In
754 3272 864 3321 quorum
883 3258 996 3306 omnium
1015 3258 1187 3306 testimonium
1199 3263 1226 3305 et
1237 3258 1312 3306 fidem
1324 3258 1434 3321 presenti

382 3328 511 3390 Scripture
533 3326 643 3387 sigillum
663 3330 778 3372 nostrum
798 3322 919 3371 duximus
934 3323 1247 3385 apponendum-Datum
1266 3325 1335 3387 apud
1355 3323 1434 3372 cridi-

380 3391 483 3451 toniam‚
495 3390 531 3453 iiij
545 3389 670 3438 Kalendss
681 3387 791 3451 Augusti
803 3385 847 3451 [29
867 3386 940 3450 July]
952 3390 1027 3435 Anno
1046 3388 1133 3437 Gracie
1151 3387 1263 3437 M⁰.CC⁰.
1276 3388 1435 3451 sexagesimo

379 3472 453 3517 nono,
464 3459 492 3504 et
503 3453 700 3505 consecracionis
711 3457 796 3501 nostre
808 3452 972 3512 duodecimo;
985 3449 1036 3501 411³.

283 3552 583 3705 -quropnetioa
605 3550 641 3615 of
663 3550 721 3615 the
743 3549 876 3615 Ghurch
901 3549 937 3615 of
959 3549 1076 3614 Ielent
1099 3550 1272 3633 [Lanente,
1287 3548 1372 3636 MS]
1397 3556 1431 3616 to

368 3645 384 3707 t
409 3662 426 3706 e
442 3638 572 3707 Oenone
588 3636 624 3703 oi
646 3636 892 3713 Crediton,—in
907 3636 964 3701 the
980 3636 1110 3721 Margin
1125 3642 1140 3669 “
1153 3635 1259 3701 Nota''
1284 3635 1432 3719 (Grund-

367 3728 476 3811 ieeou)
489 3750 539 3791 :-

347 3832 477 3885 Universis
515 3832 641 3893 presentes
674 3827 771 3877 Literae
798 3826 947 3889 inspecturis
980 3826 1113 3887 Walterus,
1149 3826 1308 3875 mnemcione
1340 3826 1433 3876 Divina

380 3894 527 3947 Exoniensis
539 3894 683 3971 Episcopus,
691 3892 799 3941 salutm
810 3892 837 3940 in
848 3892 957 3967 Domino
966 3897 992 3940 et
1003 3896 1150 3955 perpetuam
1157 3891 1193 3939 rei
1201 3898 1270 3954 geste
1278 3892 1430 3940 memoriam.

381 3961 503 4011 -Etemi
514 3960 588 4023 Regae
607 3959 756 4021 disponente
776 3956 909 4005 clemencia
924 3961 991 4005 mter
1006 3956 1185 4019 Apcstolorum
1205 3957 1369 4014 Saeccessores,
1381 3971 1432 4004 non

380 4042 411 4076 ex
420 4031 504 4075 nostre
515 4024 620 4073 accionis
628 4023 727 4082 merite,
734 4019 868 4085 aggregati,
879 4036 967 4069 eorum
975 4026 1099 4085 quantum
1112 4022 1183 4069 nobis
1193 4021 1272 4069 tuerit
1281 4022 1431 4084 inspiratum

380 4090 491 4154 vestigiis
501 4090 622 4148 inherere,
640 4094 668 4137 et
687 4087 796 4136 Ecclesie
810 4086 929 4134 edmarus
946 4101 1023 4149 quam
1034 4086 1160 4148 Sanguine
1178 4086 1230 4135 Suo
1246 4086 1432 4149 plantaverunt,

380 4154 667 4267 ⁰⁵⁰l⁰⁰³¹¹l⁸a⁶liilll
676 4150 1090 4266 tlttatttltattt:
1098 4151 1429 4264 fflltttttttt’

378 4222 650 4346 danielitomrliiilneioque,
667 4282 775 4345 populus
791 4281 846 4330 Deo
863 4280 973 4329 serviem
989 4284 1117 4341 augeatur.
1140 4232 1226 4329 pseud
1246 4253 1433 4329 Cridetoneuaii

379 4348 496 4409 Ecclesia,
510 4348 570 4398 olim
584 4348 611 4397 in
626 4364 672 4397 suo
686 4346 773 4395 ordine
790 4344 950 4395 celeberrima
967 4349 994 4393 et
1010 4343 1147 4406 pontificali
1163 4344 1286 4407 dignitate
1305 4345 1431 4407 insignita,

379 4432 408 4465 ec
420 4413 536 4479 preclaris
552 4412 707 4463 diversorum
724 4412 874 4463 Sanctorum
891 4408 1003 4473 reliquiis
1017 4413 1045 4458 et
1061 4409 1187 4459 miraculis
1197 4426 1213 4459 a
1223 4409 1311 4459 diebus
1322 4410 1434 4474 antiquis
