3242 5100
551 535 734 588 canaam
762 535 895 590 murex.
1228 517 1300 590 379

144 681 315 768 Tregcny;
336 682 394 748 the
409 680 577 748 Ghurches
592 682 628 748 ci
648 682 696 747 St.
711 681 824 746 James
838 681 905 746 and
921 681 969 746 st.
988 677 1140 767 (inbyr-

191 802 373 854 I.-Omnibus
384 804 475 853 Sancta
487 801 574 851 listris
587 801 695 851 Ecclesia
706 801 762 850 liliis
778 802 811 850 sd
828 817 892 864 quos
903 805 1030 864 presentes
1043 801 1126 851 Litere
1137 799 1297 866 pervenerint

242 868 340 928 Petrus,
352 867 512 916 miseracione
528 867 620 915 Divina
637 866 785 915 Ercniensis
802 865 912 915 Ecclesia
930 866 1046 915 Minister
1062 864 1173 926 humilis,
1190 865 1300 915 salutem

242 933 269 981 in
281 933 389 981 Domino
399 931 656 995 sempiternam-Ea
667 947 717 994 quc
734 931 806 980 Locis
823 931 870 993 piis
887 935 914 979 et
931 931 1047 980 Perennis
1060 929 1189 994 Religiosis
1201 930 1299 980 intuitu

241 997 351 1046 mrltrtis
369 998 440 1060 juste
464 996 561 1056 collata,
578 995 618 1044 val
635 996 684 1044 alio
706 996 781 1044 moia
803 994 931 1059 adquisita
949 999 1097 1056 noscuntur,
1114 995 1187 1045 firma
1205 995 1300 1044 debent

242 1062 379 1110 stabilitate
398 1062 526 1124 gaudem
548 1065 582 1120 et,
599 1075 632 1109 ne
653 1060 850 1120 malignantibus
873 1060 967 1108 occasio
985 1060 1116 1110 tribuatur
1135 1060 1299 1124 delinquendi

241 1131 327 1176 noetre
345 1125 512 1175 solicitudinis
534 1125 639 1174 interest
660 1140 761 1188 operam
783 1139 812 1173 ac
834 1124 992 1187 diligenciam
1013 1125 1138 1174 adhibere
1173 1125 1240 1176 Hinc
1259 1129 1299 1174 est

243 1191 319 1254 qnod,
331 1206 389 1240 cum
402 1189 517 1253 Religiosi
528 1189 586 1250 Viri,
596 1189 667 1238 Prior
678 1195 704 1238 et
716 1189 863 1238 Conventus
875 1189 1005 1248 biertonie,
1015 1189 1136 1238 Ecclesiae
1147 1190 1297 1239 Sanctorum

244 1257 296 1315 (rie)
313 1255 401 1305 iacobi
416 1255 452 1330 de
463 1255 572 1318 Trigcny
590 1259 616 1330 et
635 1255 721 1329 Sancti
739 1253 815 1317 Kybi,
827 1259 911 1302 nostre
930 1254 1049 1330 Dipcesis,
1065 1269 1124 1303 cum
1137 1255 1254 1303 omnibus
1269 1253 1301 1303 sd

182 1368 188 1374 ·
243 1317 1102 1444 zmilislltritl⁰lt0lllittittltlffill
1114 1319 1300 1433 attilii

245 1449 360 1508 saecuti,
377 1449 503 1498 Dominus
520 1448 653 1504 Waltcrus,
676 1447 825 1496 Esoniensis
849 1445 957 1496 Ecclesia
974 1447 1119 1512 Episcopus,
1136 1449 1299 1497 Predecessor

244 1519 337 1575 noster,
350 1514 461 1576 regimen
481 1518 508 1562 et
522 1511 766 1562 administraciouem
782 1512 908 1560 dictarum
926 1511 1093 1562 Ecclesiamm
1108 1513 1194 1562 Sancti
1212 1510 1300 1562 Jacobi

245 1580 277 1627 de
304 1578 406 1639 Trigoni
438 1583 465 1626 et
493 1576 578 1626 Sancti
606 1576 675 1640 Kybi
704 1577 804 1625 cuidam
838 1575 963 1625 (lenonicc
996 1575 1200 1640 congregacionis
1234 1577 1298 1626 Mer-

247 1643 374 1702 toniensis,
393 1642 442 1690 alio
459 1641 630 1692 concanonico
649 1641 731 1690 eidem
748 1640 875 1701 mecum,
895 1639 1031 1690 liberaliter
1051 1641 1223 1701 commisisset,
1240 1642 1300 1700 Nos,

247 1708 328 1756 aslum
341 1707 474 1770 Religionis
485 1711 606 1768 gerentes,
617 1711 645 1754 et
652 1706 748 1754 bonum
756 1704 886 1766 spirituale
897 1705 1087 1766 considerantes,
1100 1707 1208 1755 Domino
1219 1706 1298 1754 Priori

248 1773 280 1821 de
291 1772 415 1821 Mertonia
425 1776 453 1820 et
462 1771 515 1820 suis
525 1769 708 1819 successoribus
719 1771 819 1818 eosdem
831 1770 976 1830 canonicos,
993 1785 1038 1818 seu
1054 1770 1115 1820 alios
1131 1786 1195 1833 quos
1205 1770 1299 1819 ibidem

247 1837 351 1885 duxerit
361 1852 406 1885 seu
417 1836 537 1885 duxerint
547 1834 764 1892 transmittendos,
772 1835 805 1884 sd
813 1849 889 1884 snum
898 1835 1080 1884 Monnsterium
1090 1836 1227 1894 revocandi,
1236 1835 1298 1884 alios

246 1917 333 1950 eorum
343 1902 396 1950 loeo
407 1900 586 1956 substituendi,
598 1899 717 1962 quociens
727 1899 775 1948 sibi
785 1904 813 1947 et
829 1899 979 1948 lionssterio
995 1915 1042 1948 suo
1052 1899 1163 1950 viderint
1174 1899 1299 1963 expedire,

244 1967 290 2029 qui
322 1965 394 2014 nobis
419 1971 446 2014 et
467 1963 654 2014 Successoribus
681 1964 773 2012 nostris
795 1964 829 2012 de
856 1962 1041 2026 spiritualibus,
1081 1965 1159 2014 Priori
1186 1980 1245 2014 vero
1272 1965 1304 2013 de

247 2030 371 2080 Marionis
386 2034 414 2079 et
434 2028 617 2079 successoribus
638 2028 690 2077 suis
706 2027 739 2077 de
759 2027 949 2090 Temporalibus
971 2033 998 2078 et
1017 2029 1117 2078 Ordinis
1134 2029 1300 2088 observanciis,

247 2096 420 2158 respondeant,
437 2094 478 2142 vel
554 2092 682 2142 Vicarium
699 2107 780 2142 unum
795 2093 931 2155 ydoneum,
942 2109 987 2155 per
1002 2093 1127 2156 predictos
1144 2094 1255 2143 Priorem
1273 2099 1300 2143 et

248 2163 407 2210 (laurentum
424 2160 456 2207 de
498 2157 595 2207 artonis
611 2157 656 2220 qui
671 2173 717 2234 pro
735 2162 849 2221 tempore
868 2157 964 2206 luerint
980 2158 1052 2206 nobis
1069 2171 1097 2208 et
1112 2159 1300 2208 Suoeessoribus

246 2224 339 2274 noenu
350 2223 552 2287 presentandum,
562 2221 603 2271 cui
613 2237 697 2285 porcro
708 2228 853 2298 competens
869 2222 1035 2298 mugnabitur
1051 2227 1079 2272 et
1089 2239 1149 2272 cura
1159 2224 1300 2298 animarum

246 2287 1300 2416 lilla?Efflrffllffrtltttiisitlrffiiti

246 2417 295 2467 hoc
313 2417 433 2466 durmim
453 2416 605 2479 eligendum,
626 2415 721 2464 iscimt
742 2415 874 2476 deservire,
897 2421 984 2464 tenore
1011 2416 1170 2466 Raecium
1195 2417 1300 2466 liberam

247 2482 406 2532 concedimus
422 2479 641 2530 facultatem-ln
658 2480 833 2529 testimonium
849 2479 1026 2543 premissorum
1042 2481 1088 2530 brs
1104 2481 1208 2541 literas,
1220 2481 1301 2542 sigillo

246 2553 333 2597 ncstm
343 2547 460 2611 signatas,
472 2545 565 2595 eisdem
576 2545 656 2595 Priori
666 2549 694 2595 et
703 2545 845 2595 Conventui
856 2545 977 2594 biertonie
989 2544 1040 2594 fieri
1052 2545 1156 2596 lecimus
1174 2547 1298 2597 Patentea

248 2614 343 2662 Datum
359 2613 428 2675 apud
446 2610 575 2673 Horslsye,
591 2608 631 2673 r?
647 2610 774 2659 lidendes
790 2610 857 2669 licii,
874 2610 948 2659 Anno
969 2610 1070 2659 Domini
1086 2610 1131 2661 ΜΟ,
1154 2610 1214 2662 00⁰.
1232 2618 1299 2660 octo·

262 2678 339 2726 csimo
360 2676 477 2737 secundo,
502 2674 701 2725 Gcnwcrscionis
723 2682 808 2723 nostre
836 2674 945 2724 secundo
967 2672 1010 2737 [it
1033 2677 1055 2725 A
1088 2676 1111 2736 ',
1135 2676 1205 2726 lesa
1237 2676 1299 2725 This

299 2742 423 2868 lumenibis
433 2740 536 2789 entered
548 2740 597 2788 sub
611 2754 677 2788 anno
689 2740 752 2788 1284
766 2756 772 2789 :
787 2754 823 2789 see
834 2739 965 2799 Oornwell,
979 2740 1043 2789 Arcb
1062 2756 1151 2791 ercons
1161 2741 1188 2790 oi
1209 2740 1301 2804 (Iam),

246 2812 299 2856 ecte
321 2821 328 2866 ς
346 2808 378 2855 12
409 2839 417 2854 .

181 2902 388 2965 II.-Unirersis,
404 2906 460 2964 etc,
477 2901 575 2962 Petrus,
593 2900 752 2950 miseracione
770 2900 862 2949 Divina
872 2900 1019 2950 Excniensis
1036 2901 1180 2965 Episcopus,
1192 2903 1300 2952 eduum

244 2969 272 3018 in
289 2969 397 3017 Domino
413 2965 739 3030 sempiternam-Noverit
755 2964 911 3015 Universitas
922 2970 1005 3015 vestra
1016 2967 1084 3029 quod
1095 2982 1148 3027 nos,
1157 2968 1189 3016 sd
1200 2982 1299 3031 presen-

244 3033 368 3082 tscionem
389 3032 569 3094 Religiosorum
591 3029 708 3079 Virorum
726 3030 818 3078 Primis
840 3034 867 3078 et
889 3030 1034 3079 Conventus
1055 3031 1087 3079 de
1106 3032 1236 3093 Mertcnis,
1255 3032 1300 3095 qui

244 3097 379 3147 Ecclesiam
387 3096 474 3146 Sancti
484 3094 554 3144 Kibii
565 3096 597 3143 de
607 3095 729 3157 Tregony,
739 3110 790 3143 una
798 3109 857 3143 cunr
866 3094 975 3143 Ecclesia
984 3095 1070 3144 Sancti
1078 3096 1172 3157 Jaccbi,
1184 3098 1299 3160 ejsudem

244 3162 318 3223 Vilis,
335 3161 493 3239 dependente
512 3174 543 3209 ex
562 3160 657 3220 eadem,
677 3174 736 3208 cum
763 3159 816 3207 suis
837 3158 945 3221 juribus,
967 3160 1170 3223 possessionibus,
1193 3178 1222 3211 ac
1243 3162 1298 3211 aliis

244 3226 410 3291 pertnenom,
422 3227 512 3275 tenent
521 3224 548 3272 in
560 3223 671 3287 proprios
678 3238 746 3284 usus,
755 3223 912 3273 willelmum
918 3223 950 3272 de
959 3224 1051 3274 Sancto
1058 3225 1163 3284 Melane,
1173 3226 1297 3288 clausum,

245 3292 279 3341 ad
299 3290 423 3340 vicariam
445 3289 512 3339 dicte
540 3288 656 3349 Ecclesia,
677 3287 789 3349 liberam,
811 3292 839 3336 et
859 3292 998 3349 vacantem,
1025 3290 1173 3339 admisimus
1199 3292 1296 3342 intuitu

246 3356 365 3416 mdmtis,
383 3354 468 3419 ipsum
483 3353 640 3416 Perpetuam
655 3352 783 3402 Vicarium
799 3352 962 3402 instituentes
983 3354 1098 3403 canonice
1113 3355 1141 3403 in
1157 3356 1251 3417 eadem,
1271 3361 1298 3406 st

246 3421 400 3484 anignames
414 3418 502 3479 eidem,
518 3421 545 3466 et
559 3417 741 3466 successoribus
759 3416 812 3465 suis
827 3416 872 3479 qui
888 3432 933 3480 pro
950 3422 1064 3481 tempore
1075 3419 1179 3481 inerint,
1195 3421 1297 3471 nomine

246 3485 351 3545 linaria,
366 3484 480 3549 ipsorum
495 3482 677 3545 Religicscrum
693 3479 728 3531 sd
744 3481 791 3530 boc
801 3480 934 3531 accedente
945 3496 1060 3595 ufflw
1071 3498 1200 3546 consensu
1212 3490 1297 3535 totum

173 3552 178 3567 '
246 3549 386 3613 altilagium
401 3548 526 3598 dictarum
544 3545 710 3595 Ecclesiamm
726 3544 813 3594 Sancti
830 3546 917 3596 Jacobi
928 3552 955 3595 ct
1022 3548 1058 3597 cti
1075 3548 1151 3610 Kibii,
1168 3565 1294 3600 unacum

246 3619 302 3665 tota
311 3619 380 3663 terra
389 3612 530 3663 sanctuarii
537 3612 570 3659 ad
585 3610 708 3660 Ecclesiae
724 3610 789 3673 ipssa
806 3610 955 3673 pertinente,
972 3612 1098 3675 simulque
1109 3628 1168 3663 cum
1178 3615 1296 3664 domibus

245 3678 341 3729 etsliis
409 3675 596 3734 'melissuiu
612 3690 670 3737 nna,
688 3674 841 3736 eciam,cum
858 3676 1025 3724 totndecims
1040 3677 1174 3739 garbamm
1190 3680 1300 3729 Ecclesia

245 3743 332 3794 Sancti
365 3742 436 3792 scobi
446 3740 564 3804 predicte,
578 3745 605 3789 et
616 3745 671 3789 tota
681 3739 778 3788 decima
788 3740 869 3789 tocius
886 3739 938 3789 feni
950 3739 1064 3802 ejusdem
1075 3742 1194 3792 Paruchie
1204 3759 1211 3803 3
1228 3744 1296 3793 salva

245 3808 319 3859 dictis
335 3807 416 3857 Priori
426 3811 454 3855 et
464 3805 607 3855 Conventui
616 3808 672 3853 tota
682 3803 779 3853 decima
794 3804 928 3866 garbarum
941 3804 1048 3853 Ecclesia
1059 3805 1146 3855 Sancti
1157 3808 1235 3869 Krbii,
1246 3824 1298 3859 una

245 3888 305 3923 cum
314 3871 409 3922 horreis
419 3870 513 3919 ibidem
524 3868 625 3919 situatis
635 3874 663 3918 et
673 3870 782 3932 quadam
840 3867 847 3881 ⁶
874 3873 940 3917 terre
951 3868 1045 3918 eisdem
1055 3869 1150 3921 horreis
1158 3872 1297 3935 adjacente,

243 3953 294 4001 que
309 3937 382 3987 liora
396 3936 475 3986 Parce
490 3938 608 3992 vocatum
624 3948 722 3983 necnon
737 3884 926 3983 cuffiam
941 3933 1083 3984 redditibus
1098 3935 1231 3986 hominum
1241 3942 1296 3987 ten·

244 4001 345 4053 ensium
355 4015 459 4051 suomm
468 3999 571 4059 ibidem,
582 4003 609 4047 et
619 3998 736 4047 omnibus
751 3998 852 4061 juribus
868 4002 896 4047 et
943 3998 1071 4048 nsicnibus
1081 4000 1113 4049 de
1125 4000 1259 4067 Lemewyt
1269 4007 1296 4053 et

243 4067 276 4116 dc
291 4066 384 4116 Sancto
399 4064 514 4125 Austrlo,
525 4064 619 4113 medem
636 4063 765 4126 Religionis
780 4062 875 4111 ibidem
886 4063 918 4112 de
936 4062 984 4111 'tis
1018 4062 1177 4126 Ordinamus,
1188 4065 1297 4131 insuper,

243 4131 313 4195 quod
334 4130 396 4180 dicti
418 4128 535 4192 Religioni
551 4128 703 4188 (lancellam,
725 4127 822 4187 libros,
839 4132 866 4177 st
886 4127 935 4176 alia
957 4128 1116 4191 ornaments,
1134 4130 1167 4179 ad
1188 4146 1298 4194 qnorum

244 4194 427 4259 repamciom
444 4193 494 4256 ipsi
510 4192 580 4257 prius
598 4192 758 4252 tenebantur,
777 4192 831 4241 suis
848 4207 904 4241 sum
922 4192 992 4241 tibus
1013 4192 1040 4242 in
1061 4198 1158 4244 statum
1180 4196 1296 4247 debitum

243 4263 360 4323 reparent
369 4264 397 4309 et
406 4258 532 4316 minianu
543 4256 690 4319 hujusmodi
700 4254 832 4319 reparandi
842 4260 870 4305 et
879 4207 1006 4306 reiciendi
1016 4272 1091 4308 onere
1101 4264 1196 4309 extunc
1205 4260 1296 4325 impos·

242 4330 327 4375 uram
342 4322 505 4373 incumbente
514 4320 619 4371 Vicariis
636 4336 680 4385 prc
696 4326 809 4384 tempore
824 4320 974 4371 successsuis
984 4321 1011 4371 in
1023 4322 1133 4374 Ecclesia
1143 4326 1294 4390 supradicta.
