3242 5100
616 574 793 630 onumen
809 528 943 627 mous.
1308 556 1355 632 57

300 729 399 778 eusdem
409 729 533 791 convenit,
546 728 631 778 smiois
643 729 818 780 communibus
828 729 1062 786 intervenientibus,
1070 731 1128 791 post
1138 733 1262 778 tractatis
1273 729 1354 778 varios

299 794 392 843 dictam
410 795 598 844 wntencionem
616 795 741 858 perviam
759 794 946 857 composicionis
959 810 1004 856 pro
1024 795 1089 842 bono
1107 794 1174 856 pecie
1191 794 1355 843 amicabiliter

300 859 375 922 sopiri
386 861 412 908 in
424 859 505 908 formo
522 860 679 923 subscripte;
697 859 820 919 videlicet,
831 860 900 922 quod
915 859 999 907 dictus
1019 861 1108 908 comes
1125 859 1182 907 vult
1199 864 1227 908 et
1243 859 1358 908 concedit

302 924 370 986 quod
382 923 494 973 Ecclesia
505 929 532 973 et
544 925 653 973 ministri
665 924 774 973 Ecclesie
787 940 871 987 pscem
884 923 995 972 habeant
1005 924 1031 971 in
1043 924 1171 972 Cornubia
1180 928 1207 972 et
1217 924 1272 972 aliis
1283 924 1356 972 terris

301 993 328 1036 et
339 989 456 1038 dominiis
464 989 544 1052 ipsius
556 989 661 1039 Comitis
672 989 820 1038 Exoniensis
832 989 948 1038 Civitatis
960 994 986 1036 et
999 987 1117 1048 Diocesis,
1129 989 1196 1037 sicut
1212 989 1357 1038 habuerunt

302 1057 414 1116 tempore
431 1053 535 1103 Domini
555 1053 630 1117 Regis
646 1054 810 1114 Allemennie,
826 1053 905 1116 petris
923 1052 970 1114 sui,
987 1060 1015 1102 et
1029 1068 1082 1112 suo,
1102 1068 1183 1115 usque
1202 1055 1235 1102 ad
1254 1059 1356 1116 tempus

301 1118 469 1168 contencionis
486 1119 552 1167 inter
571 1119 670 1168 dictum
692 1117 833 1168 Dominum
852 1118 1003 1181 Episcopum
1023 1123 1051 1167 et
1069 1119 1153 1180 ipsum
1175 1123 1251 1168 mete
1292 1119 1356 1168 Vult

302 1183 379 1232 eciem
388 1189 414 1232 et
425 1184 539 1232 concedit
550 1183 633 1232 dictus
646 1184 734 1233 Comes
744 1185 813 1246 quoti
824 1200 870 1247 pro
881 1183 998 1231 Maneriis
1009 1183 1041 1231 de
1052 1183 1157 1231 Poltone
1169 1188 1195 1231 et
1207 1185 1239 1231 dc
1257 1185 1355 1232 Penren

302 1247 347 1296 fiat
355 1253 421 1297 secta
432 1249 465 1297 ed
475 1249 539 1297 duos
548 1248 683 1297 comitetus
694 1253 721 1296 et
729 1249 792 1296 duos
803 1253 893 1296 turnos
903 1247 1062 1297 vicecomitis
1070 1248 1096 1295 in
1108 1263 1181 1307 auno,
1193 1264 1238 1310 per
1248 1253 1357 1311 quatuor

303 1312 392 1361 liberos
403 1318 430 1362 et
439 1313 528 1376 legales
544 1313 656 1362 homines
671 1318 772 1361 tentum
784 1313 816 1362 de
830 1317 939 1375 utroque
951 1313 1069 1372 Manerio,
1085 1313 1152 1360 sicut
1162 1313 1215 1361 lieri
1227 1313 1357 1362 mnsuevit

302 1381 415 1440 tempore
426 1379 500 1442 Regis
511 1378 667 1427 Allemcnnie
678 1377 784 1441 predicti
795 1383 823 1426 et
837 1377 904 1426 'dicti
919 1377 1024 1426 Comitis
1043 1378 1166 1439 usquead
1178 1383 1279 1440 tempus
1290 1379 1357 1426 dicte

303 1442 470 1491 contencionis
478 1449 545 1491 mote
558 1460 564 1502 ;
580 1448 607 1491 et
618 1443 685 1504 quod
695 1459 740 1505 pro
749 1442 867 1490 Mnneriis
878 1442 909 1489 de
917 1442 1031 1504 Treigeer
1042 1442 1105 1502 (sic)
1116 1447 1143 1490 et
1152 1443 1300 1506 Lewyttone
1311 1442 1358 1492 flat

302 1512 370 1555 secte
377 1523 422 1570 per
433 1523 513 1556 unum
526 1508 633 1556 liberum
641 1513 668 1556 et
676 1507 780 1570 legalem
792 1506 920 1555 hominem
929 1512 1030 1555 tentum
1039 1506 1071 1554 de
1079 1512 1188 1569 utroque
1195 1507 1312 1568 Manerio,
1322 1509 1356 1556 sd

302 1572 366 1620 duos
385 1573 519 1621 comitatus
538 1577 566 1621 et
584 1573 647 1620 duos
665 1577 754 1620 turnos
773 1572 930 1620 Vioeoomitis
947 1572 975 1619 in
989 1586 1062 1631 cuno,
1079 1571 1145 1620 siout
1159 1571 1213 1619 fieri
1227 1573 1358 1621 consuevit

303 1641 415 1699 tempore
429 1637 492 1686 dicti
506 1637 580 1700 Regis
596 1637 754 1685 Allemennie
770 1642 797 1685 et
811 1637 889 1699 ipsius
905 1635 1018 1696 Comitis,
1033 1651 1113 1698 usque
1127 1637 1160 1684 ad
1174 1642 1276 1699 tempus
1290 1637 1357 1686 dicte

302 1702 470 1750 contencionis
491 1707 566 1750 mote.
603 1701 677 1763 Item,
699 1701 757 1750 vult
778 1706 805 1750 et
827 1701 941 1750 concedit
966 1701 1049 1750 dictus
1071 1699 1161 1749 Comes
1183 1702 1250 1763 qood
1273 1703 1356 1751 dict-us

303 1766 428 1816 Dominus
440 1767 576 1830 Episcopus
588 1765 680 1815 habeat
688 1766 873 1816 iorisiecturem
884 1766 960 1815 meme
973 1766 1081 1828 peniset
1090 1765 1191 1814 cervisie
1202 1765 1229 1814 in
1240 1767 1357 1816 Muneriis

303 1831 356 1880 suia
374 1831 407 1880 de
422 1831 534 1892 Poltone,
554 1831 660 1892 Penreu,
682 1831 795 1894 Tregeer,
826 1831 967 1880 iswittone
988 1835 1015 1879 et
1036 1830 1123 1879 Sancti
1143 1831 1269 1892 Germani,
1291 1831 1358 1880 ment

303 1896 394 1945 hebere
406 1897 536 1945 consuevit
550 1901 663 1959 tempore
678 1895 740 1945 dicti
757 1896 831 1959 Regis
846 1894 1003 1944 Allemannie
1017 1900 1044 1943 et
1059 1895 1138 1957 ipsius
1155 1895 1261 1945 Comitis
1276 1911 1358 1960 usque

303 1961 336 2009 ed
351 1966 451 2024 tempus
464 1961 531 2010 dicte
548 1960 718 2010 contencionis
738 1966 813 2009 mete.
848 1961 883 2009 Et
900 1961 969 2024 quod
989 1960 1116 2023 pillorium
1133 1965 1160 2008 et
1177 1961 1357 2011 tumberellum

304 2025 375 2074 liberi
397 2025 469 2088 burgi
497 2026 528 2074 de
555 2027 652 2074 Penren
682 2029 838 2089 prostratum
868 2025 986 2088 erigatur,
1010 2029 1038 2073 et
1067 2025 1169 2074 libertas
1196 2025 1258 2074 dicti
1285 2026 1359 2089 burgi

304 2091 400 2153 integre
415 2090 571 2140 restituatur.
606 2091 672 2140 item
686 2091 755 2154 quod
772 2105 861 2153 percus
877 2090 909 2139 de
924 2089 1034 2166 Gergcul
1044 2089 1171 2139 relicimur
1182 2089 1248 2138 infra
1260 2095 1358 2140 certum

304 2161 449 2218 competens
465 2160 571 2219 tempus
607 2156 643 2204 Et
661 2156 730 2219 quod
747 2155 876 2204 libertates
891 2154 996 2203 Emerui
1012 2155 1044 2203 de
1057 2154 1167 2218 Gergaul
1187 2155 1259 2218 plene
1276 2156 1357 2205 ohser-

305 2225 404 2280 ventur,
422 2220 488 2269 sicut
509 2221 536 2268 in
555 2220 630 2270 Certa
649 2220 730 2284 Regis'
741 2219 898 2268 Allemannie
916 2219 1060 2283 supradicti,
1075 2234 1151 2282 super
1168 2219 1216 2268 hoc
1238 2221 1358 2282 coniectu,

304 2285 402 2348 plenius
422 2285 569 2334 continetur.
606 2285 640 2334 Et
659 2285 727 2348 quod
752 2284 830 2333 eciam
858 2299 944 2333 omnes
971 2284 1018 2332 alie
1039 2284 1168 2333 libertates
1195 2285 1221 2333 in
1240 2285 1359 2348 predictis

306 2351 421 2398 Maueriis
437 2350 552 2413 Episcopi
572 2355 598 2398 et
614 2349 669 2398 eliis
684 2351 733 2398 lese
747 2349 786 2398 vel
805 2349 896 2398 violate
910 2348 1086 2409 restituantur,
1097 2352 1125 2397 et
1142 2349 1169 2397 in
1187 2365 1246 2398 eom
1261 2355 1358 2400 etatum

305 2415 458 2463 reducantur
484 2415 550 2464 sicut
577 2415 682 2462 fuerimt
703 2419 816 2477 tempore
838 2414 912 2476 Regis
929 2413 1084 2462 Allemennie
1102 2421 1130 2462 et
1147 2413 1226 2476 ipsius
1245 2415 1358 2476 Comitis,

306 2495 386 2542 usque
396 2481 429 2529 sd
440 2485 541 2543 tempus
559 2479 626 2527 dicte
644 2479 813 2528 contencionis
828 2484 904 2527 mota
946 2479 1020 2540 Item,
1034 2479 1094 2542 quia
1104 2478 1203 2528 diverm
1212 2480 1323 2543 dampna
1332 2485 1360 2529 et

1090 2646 1098 2670 2

306 2676 379 2738 plane
390 2676 535 2736 dcadvocat,
552 2674 727 2738 multipliciter
742 2678 803 2723 sunt
820 2674 898 2735 illata,
910 2673 1038 2737 promittit
1049 2674 1139 2724 comes
1153 2674 1219 2723 bona
1229 2674 1280 2724 fide
1291 2677 1360 2739 quod

306 2744 393 2789 contre
403 2739 501 2789 dictum
511 2737 651 2789 Dominum
671 2739 824 2803 Episcopum
838 2739 871 2787 ed
888 2739 997 2802 dampno
1009 2754 1055 2787 sue
1072 2740 1241 2801 recuperanda
1259 2740 1360 2789 nullum

306 2804 427 2865 tuebitur,
437 2808 476 2853 eet
484 2804 568 2868 ipsum
579 2805 605 2853 in
620 2803 685 2867 juris
702 2804 742 2853 sui
759 2803 934 2867 proeecucione
951 2804 1058 2867 juvebit
1092 2804 1167 2864 Item,
1179 2805 1248 2867 quod
1260 2810 1360 2854 terreet

307 2874 458 2929 tenemento,
486 2869 607 2929 redditus,
628 2874 655 2918 et
673 2869 783 2930 sevios
799 2885 849 2933 que
869 2885 914 2931 per
929 2868 1102 2917 ministeriales
1121 2869 1183 2917 dicti
1198 2869 1311 2932 Comitis,
1325 2870 1360 2919 ed

306 2935 438 2997 opusojus,
448 2934 474 2982 in
485 2933 605 2983 lesionem
613 2937 640 2983 et
647 2934 787 2997 dampnum
798 2934 860 2983 dicti
872 2933 988 2997 Episcopi
998 2938 1026 2982 et
1037 2932 1145 2982 Ecclesia
1155 2949 1201 2982 sue
1212 2934 1361 2984 Exoniensia

307 3000 402 3063 injuste
413 3004 475 3048 eunt
486 3003 613 3063 usurpata
624 3014 641 3047 e
650 3002 764 3061 tempore
779 3003 834 3047 orte
852 2998 1004 3048 turbacionis
1019 2998 1138 3061 predicte,
1146 2999 1321 3061 restituantur,
1332 3004 1360 3049 et

307 3065 334 3113 in
355 3067 452 3113 statum
475 3062 501 3113 in
524 3079 576 3127 quo
597 3063 667 3126 prius
688 3063 794 3112 fuerunt
820 3063 980 3113 reducantur.
1036 3063 1110 3123 Item,
1136 3064 1250 3113 concedit
1277 3064 1361 3114 dictus

307 3129 397 3178 Comes
419 3129 488 3193 quod
510 3128 531 3177 si
553 3126 678 3177 Dominus
705 3127 828 3177 Ricardus
854 3129 887 3176 de
908 3125 1054 3191 Seyhtone¹,
1079 3128 1208 3177 lohannes
1233 3129 1360 3190 Goshelm,

308 3199 335 3243 et
364 3194 407 3242 clii
434 3194 478 3256 qui
505 3208 556 3241 non
584 3197 646 3241 sunt
666 3193 699 3241 de
726 3192 825 3241 Dioceei
851 3193 993 3253 Exoniensi,
1021 3192 1117 3255 aliquid
1143 3194 1294 3243 extorserint
1320 3194 1361 3243 vel

308 3258 404 3322 injuste
439 3258 551 3321 ceperint
587 3258 620 3306 de
658 3257 802 3307 hominibus
841 3257 965 3321 Episcopi,
1003 3256 1098 3306 clericis
1130 3258 1189 3319 suis,
1225 3262 1252 3306 et
1289 3259 1362 3308 bonis

307 3324 369 3373 dicti
385 3322 508 3387 Episcopi,
520 3323 588 3386 quod
603 3322 635 3371 ed
650 3322 791 3386 predictum
810 3322 935 3372 Comitem
950 3322 1097 3385 pervenerit,
1108 3321 1177 3371 idem
1192 3320 1282 3372 Comes
1297 3323 1362 3373 illud

307 3388 373 3437 bone
391 3388 441 3437 fide
457 3388 581 3437 restituet
616 3388 652 3436 Et
667 3386 689 3436 si
703 3387 768 3435 idem
784 3388 874 3436 Comes
889 3387 1037 3449 hujusmodi
1050 3391 1150 3436 extorta
1164 3402 1216 3436 non
1232 3388 1360 3452 receperit,

307 3453 408 3517 juvabit
419 3451 557 3501 Dominum
569 3451 728 3515 Episcopum,
746 3451 812 3501 bone
822 3450 880 3512 lide,
892 3453 960 3515 quod
971 3452 1019 3501 sibi
1029 3468 1106 3515 super
1116 3451 1164 3501 hoc
1174 3468 1189 3501 a
1199 3452 1274 3502 dictis
1285 3454 1360 3503 male·

307 3517 444 3567 sectoribus
458 3516 567 3580 plenarie
586 3517 698 3566 satisfiet.
744 3517 785 3565 lta
800 3516 864 3577 (cic)
880 3516 938 3566 vult
955 3522 981 3565 et
1000 3517 1115 3565 concedit
1129 3517 1255 3566 Dominus
1272 3518 1362 3567 &mee

308 3582 377 3647 quod
387 3582 472 3632 dictus
483 3581 607 3631 Dominus
623 3582 760 3645 Episcopus
770 3581 863 3631 habeat
872 3581 972 3645 plenam
986 3581 1181 3644 restitucionem,
1192 3582 1324 3647 roysinum,
1335 3586 1364 3633 et

406 3647 488 3697 'onem
503 3648 536 3696 de
558 3646 675 3696 omnibus
696 3646 856 3697 libertatibus
877 3650 905 3695 et
925 3646 981 3696 aliis
1002 3646 1152 3710 supradictis
1179 3646 1272 3711 qmbus
1293 3648 1362 3697 idem

332 3712 448 3776 piscopos
459 3717 485 3761 et
493 3710 533 3761 sui
541 3711 890 3775 predecessoresusifuerunt,
899 3715 926 3761 et
933 3711 1028 3761 omem
1035 3710 1100 3760 bene
1109 3716 1136 3761 et
1143 3711 1170 3761 in
1178 3727 1238 3789 pecc
1245 3712 1361 3775 gaudeat,

308 3778 374 3827 uest
385 3777 527 3841 predictum
538 3776 677 3826 est-salvo
688 3776 769 3826 eidem
782 3776 876 3826 Comici
886 3776 944 3840 jure
959 3792 1006 3825 suo
1020 3776 1043 3825 si
1052 3776 1111 3825 inde
1121 3776 1192 3839 loqui
1202 3776 1318 3838 voluerit,
1326 3777 1364 3826 ita

308 3843 376 3905 qued
387 3841 499 3905 predicte
507 3842 689 3901 inviolabiliter,
700 3842 795 3905 absque
805 3842 993 3905 impedimento,
1002 3842 1070 3891 dieto
1079 3841 1363 3955 Episcozinremaneeut,

309 3908 387 3957 donec
406 3906 548 3970 predictum
567 3906 692 3956 Comitem
712 3906 848 3969 jussuum
862 3906 889 3955 in
909 3906 1042 3969 premissis,
1058 3905 1080 3954 si
1097 3907 1166 3968 quod
1211 3906 1302 3968 buerit,
1320 3923 1365 3970 per

310 3972 387 4035 legale
398 3972 522 4035 judicium
533 3968 698 4020 disracionare
706 3971 846 4035 contigerit
880 3971 1037 4032 Promissam,
1046 3975 1140 4030 eutem,
1150 3970 1364 4033 composicionem

309 4036 463 4085 Venerabilis
483 4038 565 4096 Pater,
585 4036 709 4085 Dominus
729 4036 936 4099 Archiepisoopns
962 4035 1147 4084 Cautusriensis
1166 4036 1300 4099 predictus,
1319 4052 1364 4100 pro

310 4101 376 4150 bono
385 4101 452 4165 pecie
464 4101 530 4149 inter
536 4102 624 4149 Partes
633 4105 782 4149 memoratas
791 4100 888 4161 initum,
897 4102 929 4149 de
937 4100 1040 4149 consilio
1048 4105 1075 4149 et
1082 4116 1204 4149 consensu
1212 4100 1330 4150 Eatrum
1338 4106 1365 4150 et

311 4166 528 4229 coepiscoporum
547 4181 650 4214 suorum
662 4166 709 4213 sibi
731 4166 904 4226 assidencium,
917 4164 1033 4214 videlicet
1054 4164 1220 4214 Dominorum
1242 4165 1365 4215 iohannis

311 4230 498 4291 Londoniensis,
509 4230 612 4278 Wolteri
623 4230 752 4291 Roffensis,
764 4230 856 4279 Auiani
867 4230 1019 4289 Assevemis,
1030 4229 1216 4293 Episcopomm,
1227 4235 1255 4279 et
1262 4230 1366 4279 Domini

311 4295 414 4345 Rcberti
426 4294 508 4344 Electi
518 4294 693 4344 Bsthonieneie
704 4299 732 4344 et
742 4294 880 4354 wellensis,
891 4294 1047 4357 approbavit,
1058 4294 1178 4355 laudarit,
1190 4295 1330 4356 ratificavit,
1339 4301 1367 4344 et

634 4437 642 4469 ¹
660 4440 702 4490 See
713 4441 749 4491 St
763 4440 845 4491 Allen.
