3242 5100
613 561 795 614 caussas
814 560 951 636 rapsa.
1313 542 1359 614 75

295 739 364 788 vobis
385 741 535 788 mandamus
557 739 583 788 in
605 740 700 790 virtute
723 741 880 796 Obediencie,
899 746 925 788 et
946 741 995 788 aab
1017 755 1081 802 pena
1104 739 1234 796 Carionica,
1247 738 1354 786 firmitet

293 805 454 868 injungentes
463 807 582 867 quatinus
594 806 745 867 subscriptos
756 806 890 865 Articuloa,
902 811 1003 867 propter
1010 821 1073 866 quos
1082 802 1354 852 Excommuuicicionis

295 870 428 918 Sentencia
449 871 586 918 incurritur
608 870 661 930 ipso
684 871 756 931 iacto,
779 871 806 919 in
830 871 934 930 singillia
958 869 1099 929 collegiatis
1122 875 1149 916 et
1168 868 1353 915 I‘arochialibaa

295 935 411 982 Ecclesiis
423 935 498 982 vestii
510 935 739 1000 Archidiaconatus,
751 935 855 997 singulis
868 936 962 983 Diebus
976 935 1111 982 Dominicis
1122 939 1149 981 et
1160 933 1353 994 Sollempnibus,

295 1015 339 1061 per
361 1000 506 1048 Sacerdotes
529 1000 678 1061 parochiales
698 1000 831 1062 publicare,
849 1005 876 1046 et
892 1000 1030 1047 incidentes
1049 999 1075 1046 in
1095 999 1195 1046 eaedem
1212 997 1357 1046 sentencias

296 1064 570 1112 Excommunicacionis
618 1064 768 1112 denunciare
796 1064 914 1121 iaciatio3
950 1064 1100 1112 aaacmritate
1133 1068 1218 1111 nostra
1251 1062 1356 1123 singulis

296 1129 444 1190 hujusmodi
462 1129 627 1178 Ecclesiarum
645 1130 799 1186 Recteribus,
812 1129 923 1188 Vimriia,
935 1131 960 1175 et
982 1128 1158 1176 Sacerdotibus
1173 1126 1356 1190 parochialibus

294 1193 457 1256 injungentes
477 1199 507 1241 ut
525 1193 617 1256 singuli
637 1209 723 1242 eorum
746 1194 905 1242 Presencium
924 1198 1037 1241 tenorem
1056 1193 1082 1241 in
1102 1193 1154 1240 suis
1174 1192 1290 1240 Eccleaiis
1309 1192 1358 1239 sub

296 1273 367 1321 pena,
384 1258 486 1306 arbitrio
505 1259 629 1306 Ordinarii
644 1259 760 1315 taxanda,
774 1257 885 1306 habeant
904 1258 969 1306 infra
990 1273 1102 1306 mensem
1121 1258 1147 1305 in
1165 1258 1218 1305 loco
1236 1257 1357 1304 eminenti

294 1327 410 1386 patenter
420 1324 530 1371 affixum.
565 1323 678 1381 Qualiter
689 1324 838 1371 mandatum
850 1327 966 1370 nostrum
977 1322 1075 1370 fueritis
1087 1322 1186 1371 executi
1196 1337 1242 1384 per
1260 1321 1356 1369 Literna

295 1393 390 1436 vestras
409 1388 534 1446 Potentes,
555 1388 645 1436 hairum
664 1388 759 1437 Seriem
778 1387 942 1447 continentes,
963 1402 1008 1435 nos
1029 1387 1095 1435 inira
1117 1402 1229 1435 mensem
1246 1385 1357 1434 reddatis

297 1468 420 1501 cerciores.

264 1517 345 1565 Tener
356 1516 527 1565 Articulorum
534 1517 591 1565 halis
600 1522 638 1564 est
652 1518 750 1576 :-N0s,
760 1518 891 1576 Walterus,
899 1517 946 1564 Dei
960 1517 1041 1579 gracia
1056 1517 1203 1564 Exoniensis
1212 1517 1357 1578 Episcopus,

298 1597 384 1630 omncs
401 1582 457 1630 illos
475 1583 519 1645 qui
539 1583 659 1630 Ecclesiae
679 1598 724 1630 auo
741 1583 798 1644 jure
817 1583 941 1630 maliciose
961 1582 1056 1643 privare
1075 1586 1231 1643 presumunt,
1252 1587 1298 1628 aut
1315 1597 1360 1643 per

297 1646 420 1695 maliciam
431 1647 560 1695 libertates
571 1648 706 1695 earundem
718 1647 852 1709 infringere
861 1663 905 1694 seu
916 1647 1062 1709 perturbare
1079 1646 1245 1704 contendunt,
1258 1659 1355 1693 excom·

298 1712 438 1760 manicatos
465 1712 652 1759 denunciamus.
698 1712 771 1771 Item,
794 1727 881 1760 omnes
911 1711 966 1759 illos
995 1711 1040 1773 qui
1059 1711 1267 1771 tranquillitatem
1290 1710 1358 1772 pacis

299 1777 401 1824 Domini
423 1776 497 1839 Regis
520 1781 547 1823 et
569 1777 648 1838 ltegui
666 1775 785 1838 injuriose
809 1777 954 1838 perturbare
976 1780 1132 1838 presumunt.
1173 1777 1247 1834 Item,
1271 1791 1357 1822 omnes

300 1841 354 1888 illos
373 1841 417 1903 qui
435 1842 542 1889 scienter
553 1847 579 1889 et
597 1842 734 1904 prudenter
750 1841 842 1889 falsum
853 1841 987 1903 perhibent
997 1841 1172 1889 testimoninm
1182 1840 1222 1888 vel
1233 1840 1358 1902 perhiberi

300 1910 441 1964 procurant,
450 1906 490 1953 rel
506 1906 583 1953 eciam
598 1906 642 1967 qui
665 1906 728 1954 tales
742 1910 821 1954 tcetes
835 1907 942 1954 scienter
959 1907 1103 1968 producunt
1118 1907 1158 1954 vel
1173 1906 1313 1953 subornant
1329 1905 1357 1953 in

298 1986 371 2018 eausa
381 1970 565 2028 matrimoniali,
579 1971 621 2018 ubi
633 1971 726 2018 scilicet
737 1971 820 2032 agitur
828 1976 914 2019 contre
923 1970 1118 2031 matrimonium,
1130 1971 1169 2018 vel
1177 1971 1221 2018 ubi
1232 1970 1315 2032 agitur
1325 1971 1359 2018 ad

299 2035 405 2098 alicujus
423 2035 647 2083 exheredacionem.
683 2036 749 2084 Item
764 2051 851 2083 omnes
869 2037 925 2083 illos
936 2037 981 2097 qui
1000 2036 1026 2083 iu
1041 2035 1121 2084 causis
1132 2035 1358 2084 matrimonialibus

299 2100 422 2148 maliciose
455 2101 550 2162 aliquid
573 2106 711 2162 opponant,
738 2101 776 2148 vel
793 2100 885 2162 opponi
907 2106 1048 2162 procurant,
1065 2116 1097 2148 ne
1120 2117 1177 2148 vera
1200 2101 1360 2148 matrimonia

300 2165 415 2213 debitum
435 2165 574 2212 sorciantur
590 2166 712 2213 etl'ectum.
761 2166 834 2225 Item,
846 2182 932 2212 omues
944 2166 998 2212 illos
1016 2166 1061 2226 qui
1072 2166 1188 2228 antiquae
1200 2165 1280 2225 Regni
1293 2167 1354 2213 Con·

300 2230 446 2277 auetudines
457 2230 612 2291 approbatas,
625 2235 650 2276 et
662 2230 778 2291 precipue
792 2231 860 2277 Liber
866 2235 929 2276 tates
941 2237 967 2277 et
985 2231 1084 2278 Liberae
1096 2231 1296 2278 Consuetudines
1307 2246 1357 2291 qne

300 2294 325 2341 ia
347 2295 428 2343 Curtia
447 2295 626 2342 Communium
648 2295 804 2342 Libertatem
824 2297 899 2343 etde
920 2296 1021 2342 Iloresta
1033 2296 1200 2355 continentur,
1218 2311 1233 2342 a
1250 2296 1358 2342 Domino

301 2360 366 2420 Rege
378 2375 503 2407 concessas
522 2359 724 2420 Archiepiscopis,
741 2360 875 2421 Epi-scopis,
889 2365 916 2406 et
935 2365 1025 2407 ceteris
1045 2361 1124 2421 Regni
1143 2360 1234 2421 Anglie
1246 2360 1357 2419 l’relatie,

302 2425 448 2484 Conritibus,
462 2423 609 2481 Baronibus,
622 2425 754 2482 Militibus,
766 2429 792 2472 et
801 2425 855 2471 aliis
871 2424 947 2471 libere
959 2425 1112 2482 tenentibus,
1124 2440 1282 2486 quacumque
1294 2430 1354 2483 arte,

302 2488 407 2551 ingenio,
416 2489 570 2547 violaverint,
579 2489 732 2552 infregerint,
741 2489 912 2547 diminuerint,
925 2506 968 2536 eeu
978 2491 1139 2543 inritaverint,
1149 2490 1213 2537 clam
1220 2490 1259 2536 vel
1268 2489 1357 2551 palam,

302 2555 375 2613 fricto,
396 2554 485 2615 verbo,¹
498 2556 537 2602 vel
555 2555 663 2612 crucilia,
687 2561 772 2602 contra
791 2554 846 2602 illae
864 2556 903 2601 vel
923 2570 1008 2602 earum
1028 2555 1144 2616 aliquam,
1157 2556 1183 2602 in
1200 2571 1359 2617 quocumque

302 2619 422 2679 Articulo,
434 2624 528 2667 teurere
547 2619 676 2667 veniendo.
723 2620 894 2679 ltem,01nnes
914 2620 969 2666 illos
980 2620 1024 2681 qui
1041 2625 1126 2666 contra
1143 2620 1205 2679 illas,
1217 2620 1254 2667 vel
1272 2636 1358 2668 earum

301 2684 410 2745 aliquam
419 2686 522 2733 Statuta
530 2684 661 2743 ediderint,
670 2683 707 2731 vel
716 2684 782 2733 calita
789 2685 949 2741 servaverint,
957 2684 1157 2732 Corssuetadinea
1172 2684 1360 2733 introduxerint

301 2750 340 2796 vel
362 2749 518 2797 introductas
537 2750 697 2808 servaverint,
717 2750 849 2811 scriptores
866 2751 1026 2797 Statntoram
1047 2749 1166 2810 ipsorum,
1188 2765 1284 2797 necnon
1302 2766 1359 2798 cou-

300 2813 402 2861 siliarios
424 2818 451 2862 et
470 2820 619 2873 executores,
644 2818 670 2861 et
691 2814 735 2875 qui
758 2815 897 2861 secuudum
918 2814 1005 2861 eadem
1036 2815 1140 2861 Statuta
1162 2816 1359 2876 presumpserint

300 2878 418 2941 judicare.
454 2879 525 2937 Itern,
539 2878 687 2926 omnesillos
699 2879 743 2940 qui
754 2894 828 2926 causa
844 2879 934 2940 refugii
950 2879 982 2926 ad
994 2878 1130 2926 Ecclesiam
1142 2880 1181 2926 vel
1200 2879 1358 2928 Cimiten'um

301 2948 347 2991 aiat
358 2944 503 2991 Claustrum
512 2944 637 3005 fugientes
645 2943 702 2991 inde
710 2943 832 2991 violenter
839 2944 1013 3002 abstraxerint,
1022 2944 1061 2991 rel
1073 2944 1128 3006 ejus
1137 2944 1214 2992 victui
1223 2945 1359 2993 neccssaria

302 3008 485 3069 prohibuerint,
496 3014 587 3056 autres
595 3009 718 3070 depositas
727 3008 754 3055 in
766 3007 860 3056 eisdem
868 3009 1051 3070 asportaverint
1061 3009 1100 3056 vel
1114 3010 1235 3070 asportari
1246 3010 1358 3069 iecerint,

301 3078 346 3121 eut
357 3074 449 3121 lactum
461 3073 655 3135 asportacionem
668 3078 748 3120 natam
759 3072 900 3131 habuerint,
913 3090 955 3120 seu
969 3073 1066 3135 publice
1074 3075 1112 3120 rel
1120 3075 1216 3121 occulte
1227 3076 1357 3135 airxiliiun,

301 3138 438 3197 consilium,
450 3139 489 3185 vel
501 3154 650 3186 consensuro
670 3138 704 3185 eis
722 3138 874 3199 probuerint.
911 3139 984 3195 itero,
997 3154 1082 3185 omnes
1104 3139 1224 3187 violentes
1235 3156 1358 3189 manarum

301 3203 434 3265 injectores
442 3203 468 3250 in
486 3203 599 3251 Glerieoe.
631 3203 704 3263 Item,
713 3203 875 3250 incendiarios
884 3203 995 3263 publicos
1003 3208 1029 3250 et
1039 3204 1202 3252 Ecclesiarum
1211 3205 1357 3253 effractores.

302 3268 375 3327 ltem,
387 3283 502 3329 agrorum
514 3267 709 3330 depopulatores.
745 3268 819 3323 Item,
831 3283 918 3314 ornnes
935 3268 990 3315 illos
1002 3268 1086 3329 quide
1100 3269 1223 3328 domibus,
1237 3272 1359 3332 maneriis,

300 3333 416 3395 grangiis,
443 3333 530 3395 parcis,
561 3333 670 3393 vinariis,
692 3333 731 3379 vel
754 3333 808 3379 aliis
831 3332 977 3393 hujusmodi
999 3333 1065 3390 locis,
1095 3334 1128 3381 ad
1147 3335 1358 3398 Archiepiacopos,

303 3397 443 3459 Episcopcs,
456 3398 495 3445 vel
507 3398 566 3446 alias
587 3398 706 3445 Personas
725 3397 907 3444 Ecclesiasticus
919 3398 1109 3458 pcrtinentibus,
1123 3399 1264 3460 quicquam,
1277 3406 1361 3461 preter

303 3462 469 3511 Dominarum
489 3463 631 3511 voluntates
650 3478 695 3509 eeu
706 3464 848 3521 custodum,
860 3477 1011 3522 consumere,
1031 3463 1135 3521 auferre,
1149 3464 1187 3511 rel
1207 3470 1361 3513 contrectare

301 3528 506 3589 presumpserint.
541 3528 614 3586 Item,
638 3542 724 3574 omrres
749 3528 942 3589 Sequestrorunr
970 3527 1085 3589 Episcopi
1112 3528 1250 3587 violatores,
1278 3530 1358 3577 larris·

303 3592 444 3640 diceionum
465 3592 652 3641 Ordinariorum
671 3592 821 3651 turbatores,
844 3608 888 3653 per
907 3606 969 3653 quoe
989 3607 1039 3639 non
1052 3597 1090 3640 eet
1101 3593 1207 3640 dubium
1222 3594 1362 3642 Libertate

303 3656 486 3705 Ecclesiasticus
523 3657 633 3719 iniringi,
669 3657 897 3705 excommunicatos
924 3655 1262 3706 ‹lenuuciamus.-Datum¹.
1306 3657 1361 3711 lib.

205 3760 337 3841 Bastar,
353 3762 409 3826 the
426 3762 504 3849 city
521 3764 611 3836 cf,-

271 3866 461 3916 Memorandum
474 3868 541 3929 quod
553 3884 627 3927 anno,
636 3868 683 3926 die,
695 3868 748 3915 loco
756 3868 848 3915 eisdem
861 3864 904 3931 [19
917 3864 1008 3930 Sept.,'
1021 3866 1102 3927 1272]‚
1111 3868 1136 3916 in
1149 3867 1253 3917 Camere
1261 3869 1363 3919 Domini

304 3932 419 3995 Episcopi
431 3938 626 3995 comparuerunt
637 3932 777 3981 Willelmus
789 3934 820 3980 de
832 3934 938 3993 Orione,
951 3933 1078 3981 lohannes
1090 3935 1120 3980 de
1133 3933 1252 3994 Feutone,
1273 3935 1361 3983 Alure-

304 3997 352 4045 dus
361 3997 392 4045 de
404 3998 487 4046 Porta
501 3998 620 4046 Eicardus
632 3999 663 4045 de
676 3997 802 4057 Oarauille,
814 4003 840 4046 ct
846 3997 954 4046 Thomas
964 3998 1100 4059 Donectan‚
1111 3998 1183 4047 cavea
1190 3998 1363 4058 Exonienses,³

752 4114 833 4120 φ...»
884 4114 938 4120 ...-
955 4114 1281 4121 -..-.......--.-.--.-
1316 4118 1364 4123 .—

207 4156 218 4190 ²
235 4160 287 4209 The
305 4162 357 4211 MS.
370 4162 432 4211 ends
443 4160 644 4224 abruptlyhere;
662 4160 762 4209 butthe
844 4160 871 4207 in
884 4161 928 4208 the
940 4160 1030 4207 Listoi
1046 4160 1145 4223 Mayora
1163 4159 1345 4223 (sect-1271)
1358 4180 1364 4213 ε

240 4232 313 4291 entry
330 4242 415 4275 occisis
431 4226 544 4273 between
562 4228 592 4274 10
610 4226 695 4273 llarch
712 4226 762 4273 and
845 4225 913 4273 John
930 4226 1043 4272 Feneten
1065 4240 1115 4272 was
1132 4226 1219 4288 Meyer
1237 4226 1263 4274 in
1282 4229 1362 4276 1280:

242 4293 271 4340 21
284 4292 362 4356 April,
376 4290 543 4340 lere-1277.
846 4290 933 4337 Allred
945 4290 976 4337 de
993 4290 1069 4337 Porta
1085 4290 1154 4352 eight
1165 4290 1239 4338 times
1256 4290 1363 4350 (1275-

210 4354 221 4385 ¹
240 4356 284 4419 xiij
298 4357 423 4405 Kalendas
438 4355 718 4404 Octobris-Londonie
847 4355 920 4411 1281)
934 4370 939 4402 2
956 4354 1050 4403 Martia
1067 4355 1165 4418 Dirling
1175 4372 1225 4404 was
1238 4357 1326 4421 Major
1336 4363 1364 4407 at

209 4418 219 4452 ³
240 4419 328 4473 Walter
339 4422 370 4471 de
383 4421 494 4479 Okeaton
506 4436 590 4471 occurs
602 4436 676 4471 maen
688 4420 762 4469 times
846 4419 898 4468 thia
908 4420 978 4469 time.
