3242 5100
590 573 638 627 or
662 571 805 628 nrsnor
830 571 977 638 onrvrn.
1282 553 1353 628 311

303 729 379 779 iensis
396 729 513 780 Civitatis
537 728 675 793 Episcopus
698 743 796 792 semper
810 727 978 792 imposterum
993 742 1009 778 e
1025 727 1128 793 Synodo
1143 728 1244 792 proprie
1264 729 1357 779 debent

304 795 439 844 consecrari
465 799 543 857 etque
569 793 670 843 honoris
697 793 806 843 Psilinm
828 793 861 841 sb
887 794 934 843 hcc
957 793 1050 843 Senote
1074 799 1101 844 ct
1124 793 1358 858 Apostolice-cui

302 858 357 908 Deo
371 861 488 918 Auctore,
503 858 712 908 deservio—Sede
722 857 850 921 percipiet.
887 858 929 908 Ad
940 858 1085 920 Eboracum,
1096 875 1163 920 vero,
1178 859 1313 909 OEvitstern
1329 863 1357 908 te

302 924 419 972 volumus
440 925 542 972 mittere
563 938 640 986 quem
655 923 709 986 ipsc
730 922 881 985 judicaveris
902 923 1089 984 ordinandum
1111 923 1149 972 ite
1170 923 1247 984 utsi
1268 925 1356 973 cedern

304 988 399 1038 Civitas
417 1004 475 1038 cum
498 988 611 1037 finitimis
629 988 701 1036 Iocis
715 987 828 1036 Verbum
845 987 893 1036 Dei
903 987 1031 1050 receperit,
1043 989 1096 1050 ipse
1111 1003 1213 1051 quoque
1223 988 1356 1038 duodecim

303 1053 437 1116 Episcopos
445 1053 546 1102 ordinet
551 1057 579 1101 et
584 1052 776 1115 Metropoliteno
784 1050 878 1104 honore
885 1051 1045 1115 perfractum
1057 1052 1116 1128 quin
1124 1053 1147 1102 ei
1156 1069 1264 1117 quoque,
1273 1053 1295 1101 si
1304 1053 1357 1103 vite

303 1133 384 1166 comcs
396 1118 480 1177 fuerit,
487 1117 596 1166 Pellium
606 1117 724 1178 tribuere,
733 1116 842 1165 Domino
852 1116 960 1176 terente,
972 1115 1127 1180 disponimus
1138 1133 1145 1178 ;
1165 1133 1249 1180 quero,
1260 1121 1354 1180 temen,

303 1187 348 1230 tue
359 1180 533 1231 Fraternitetis
545 1182 661 1231 volumus
672 1181 831 1244 disposicioni
841 1180 978 1244 subjecere.
1012 1181 1074 1230 Post
1083 1182 1190 1244 obitum,
1202 1197 1267 1243 vero,
1279 1187 1355 1233 tuum

301 1246 339 1295 ite
349 1247 477 1310 Episcopis
488 1262 551 1309 quos
562 1246 714 1295 ordinaverit
724 1246 803 1308 presit
815 1249 845 1294 ut
865 1245 1045 1295 londoniensis
1062 1246 1178 1310 Episcopi
1197 1246 1268 1301 nullo
1279 1247 1354 1296 modo

303 1311 394 1360 dicioni
405 1311 539 1375 subjacent
574 1312 621 1370 Sit,
633 1326 699 1370 vero,
708 1310 775 1359 inter
783 1309 912 1359 londonie
922 1314 950 1358 et
958 1310 1085 1359 Ebcrnehe
1095 1311 1210 1360 Civitatis
1219 1311 1354 1375 Episcopus

302 1375 466 1439 imposterum
478 1375 579 1424 honoris
589 1376 639 1424 iste
649 1374 843 1424 distinceio-ut
859 1375 912 1437 ipsc
923 1375 990 1438 prior
1005 1374 1128 1424 habentur
1139 1375 1184 1438 qui
1195 1375 1265 1440 prius
1276 1376 1355 1426 inerit

303 1440 449 1499 ordinstos;
465 1440 600 1499 communi,
617 1446 711 1500 sutem,
736 1439 838 1488 consilio
859 1443 887 1487 et
902 1438 1017 1488 concordi
1038 1439 1136 1490 accione
1161 1455 1261 1503 queque
1279 1445 1355 1490 crunt

303 1521 349 1568 pro
367 1504 462 1555 Christi
480 1505 532 1554 solo
551 1505 647 1566 egendo
664 1504 806 1567 disponmt,
827 1504 980 1552 unanimiter
997 1507 1066 1552 recta
1084 1505 1203 1566 sencisnt,
1215 1509 1242 1554 ct
1259 1521 1288 1555 ec
1305 1520 1356 1569 qus

302 1570 427 1619 senserint
448 1585 499 1618 non
525 1569 628 1618 sibimet
654 1569 815 1631 discrependo
837 1567 973 1630 perficient
1019 1569 1081 1629 Tus,
1105 1584 1170 1630 vero,
1201 1569 1355 1619 Freternitcs

303 1634 385 1683 solum
394 1634 529 1697 Episcopos
540 1649 603 1696 quos
613 1633 772 1694 ordinaveris,
783 1648 865 1696 neque
876 1633 921 1681 hos
933 1634 1109 1682 tantummodo
1121 1633 1166 1697 qni
1176 1649 1220 1698 per
1227 1634 1355 1684 Ebornohe

303 1698 455 1762 Episcopum
466 1696 584 1761 [inehint
594 1698 710 1758 ordinati,
721 1702 760 1746 set
770 1697 849 1746 eciem
859 1712 946 1746 omnes
962 1698 1091 1747 Britannis
1107 1698 1355 1762 eoosrdcteshobest,

304 1763 358 1812 Deo
375 1763 482 1812 Domino
496 1767 583 1812 nostro
598 1763 656 1811 Iesu
671 1761 772 1812 Christo
783 1762 900 1824 Auctore,
912 1761 1046 1826 subjectos,
1058 1761 1179 1826 quatinus
1189 1778 1222 1812 ex
1232 1763 1319 1842 lingue
1328 1768 1356 1814 et

303 1827 357 1877 vito
367 1832 412 1878 tue
430 1827 577 1877 &neentis
589 1831 617 1876 et
633 1831 700 1876 recte
719 1826 837 1876 medendi
851 1829 878 1876 et
896 1827 960 1876 bene
976 1827 1077 1877 vivendi
1091 1827 1199 1878 formem
1209 1829 1355 1892 percipiunt,

303 1897 388 1956 etque,
400 1892 516 1942 Officium
527 1906 603 1941 suum
614 1891 664 1941 tide
674 1907 703 1940 ee
712 1891 825 1941 moribus
833 1895 993 1955 exequentes,
1000 1892 1033 1942 cd
1041 1891 1155 1954 Celestic,
1164 1907 1223 1944 eum
1231 1893 1357 1944 Dominus

304 1957 420 2020 voluerit,
431 1957 517 2022 Pugno
527 1957 673 2021 pertingent
683 1971 691 2017 3
709 1957 762 2007 110.

207 2185 258 2252 St.
273 2184 665 2270 sueton-Rosciam),-

273 2305 327 2356 Heo
334 2310 373 2355 eet
380 2305 472 2355 Finnlis
481 2305 618 2354 concordis
625 2305 692 2354 fecte
698 2305 725 2353 in
735 2303 810 2354 Curio
819 2304 921 2353 Domini
929 2304 1009 2368 Regis,
1019 2305 1087 2368 npud
1096 2305 1354 2368 westmonasterium,

193 2384 199 2394 ·
302 2387 319 2420 n
328 2370 376 2420 Die
388 2369 475 2420 Sancti
488 2369 616 2418 Mieheelis
626 2369 653 2418 in
664 2374 716 2418 tres
726 2369 973 2432 septimuntium
993 2369 1072 2432 Regni
1081 2369 1155 2432 Regis
1174 2370 1297 2420 «iohannis
1309 2371 1355 2435 iiij,

304 2450 388 2485 eornm
398 2432 603 2496 G[elirido]Fi1ic
615 2431 700 2494 Petri,¹
709 2433 815 2483 Riecrdo
822 2433 854 2482 de
865 2434 941 2494 Hore,
953 2433 1089 2483 Godsirido
1100 2434 1132 2482 de
1144 2435 1237 2496 Insuls,
1246 2435 1358 2484 Woltero

305 2500 338 2549 de
353 2499 529 2564 Erepinghsm,
540 2497 698 2560 iusticinriis,
712 2502 739 2547 et
754 2498 809 2547 eliis
826 2498 965 2547 Beronibus
981 2499 1084 2548 Domini
1099 2499 1173 2563 Regis
1192 2503 1255 2549 tune
1265 2499 1359 2549 ibidem

305 2566 472 2629 presentibus,
482 2566 550 2614 inter
561 2563 703 2614 Jchennem
713 2564 737 2613 le
752 2564 808 2623 sor,
878 2568 949 2612 ntem
966 2579 1011 2628 per
1028 2565 1171 2626 osbertum,
1183 2564 1264 2613 filium
1275 2580 1359 2626 sunm,

306 2629 417 2693 positum
435 2630 489 2679 loco
508 2644 561 2690 suo,
576 2629 608 2678 nd
628 2628 778 2678 lucrandum
788 2643 820 2677 vs
843 2627 1007 2691 perdendum,
1023 2632 1050 2677 et
1066 2629 1205 2678 Hem-ioum
1221 2629 1360 2691 [Mnrshei]‚

306 2695 460 2759 Episcopum
477 2694 652 2753 Excniensem,
672 2696 809 2753 tenentem,
832 2693 864 2742 de
887 2692 1059 2741 Advocscicns
1081 2694 1191 2743 Ecoleeie
1212 2694 1245 2743 de
1267 2696 1360 2745 Sancto

307 2760 391 2821 husto,
406 2759 475 2808 unde
490 2758 627 2822 recognieic
642 2758 733 2807 ultime
749 2756 942 2817 presenteeionis
958 2758 1111 2806 summonita
1126 2758 1178 2807 fuit
1197 2758 1264 2807 inter
1278 2774 1320 2809 ecs
1334 2760 1361 2808 in

308 2824 406 2887 prefate
418 2823 512 2883 Curis;
529 2823 629 2882 seilicet,
639 2822 707 2885 quod
718 2822 847 2885 predictus
855 2821 994 2885 Episcopus
1009 2824 1154 2885 recognovit
1163 2823 1362 2874 Adrocscionern

307 2890 421 2953 predicte
432 2888 542 2937 Ecclesie
552 2903 611 2937 cum
617 2886 778 2950 pertinenciis
793 2885 897 3000 essfflus
905 2890 933 2935 et
942 2886 1109 2936 hereditatem
1126 2886 1204 2950 ipsius
1220 2888 1344 2937 Jchennie
1355 2904 1362 2947 ;

309 2953 386 3014 solve,
397 2958 491 3012 temen
502 2951 718 3001 ennusPensicne
729 2967 780 3000 xxx
800 2966 829 3000 sc
866 2966 939 3000 orum
957 2966 1007 3014 que
1024 2957 1137 3001 mmenet
1156 2952 1264 3002 Ecclesie
1275 2954 1363 3002 Sancti

308 3018 380 3067 Petri
398 3018 430 3067 de
450 3018 553 3077 Exonic¹
571 3017 764 3080 inperpetuum
781 3015 882 3077 seilicet,
893 3016 926 3064 nd
945 3014 1040 3065 Pesohs
1054 3030 1088 3065 xv
1103 3017 1148 3065 sol.
1164 3020 1191 3066 et
1206 3016 1239 3065 ed
1258 3017 1363 3067 Festum

307 3081 395 3132 Sancti
405 3081 533 3131 Michaelis
543 3096 577 3129 xv
588 3080 632 3129 soL
643 3096 651 3141 ;
669 3085 696 3129 et
711 3080 780 3129 seire
790 3094 842 3128 une
857 3094 940 3129 murce
956 3080 1053 3145 egenti
1070 3081 1201 3131 annuatim
1212 3082 1321 3131 Ecclesic
1331 3082 1364 3131 de

306 3146 469 3212 Plymptonis
478 3146 612 3205 reddenda,
623 3146 657 3195 ed
667 3146 772 3195 Festum
783 3143 931 3195 Michaelis²

279 3236 404 3287 Omnibus
416 3236 507 3286 Sancte
518 3234 606 3284 histris
617 3234 726 3284 Ecclesie
744 3233 802 3283 filiis
821 3234 854 3283 ed
873 3249 936 3298 quos
953 3248 1054 3298 presens
1070 3234 1200 3299 Scriptum
1216 3235 1365 3299 pervenerit,

312 3300 473 3362 J[ohnnnss],
499 3299 548 3349 Dei
565 3299 648 3363 grecie
675 3298 825 3348 Esoniensis
848 3298 993 3363 Episcopus,
1016 3299 1293 3350 sulutem-Noveritis
1319 3316 1365 3350 nos

314 3363 530 3429 composicionem
546 3364 614 3414 inter
629 3364 767 3413 Ocncniccs
782 3364 815 3412 de
832 3363 995 3439 Plymptonis
1012 3369 1040 3413 ct
1055 3364 1197 3414 Jobsnnem
1212 3364 1260 3415 Sor
1273 3364 1367 3414 iectsm

314 3446 390 3493 super
411 3430 582 3479 Advocscione
598 3428 708 3478 Ecclesie
729 3428 817 3478 Sancti
843 3429 914 3478 iusti
941 3428 1093 3491 inspexisse;
1110 3444 1160 3505 que
1178 3430 1205 3478 in
1227 3429 1273 3479 hec
1291 3430 1367 3479 serbe

315 3499 435 3557 concepte
457 3493 662 3554 est-Omnibus
680 3493 797 3542 fidelibus
816 3494 848 3543 ed
870 3508 933 3556 quos
954 3508 1055 3557 presens
1077 3494 1206 3554 Scripturs
1227 3495 1369 3557 pervenerit

313 3560 403 3608 Frnter
410 3559 427 3608 J
428 3556 554 3621 [chellus],
558 3558 641 3607 dictus
649 3558 720 3607 Prior
727 3557 895 3621 Plymptonie‚
903 3562 1006 3608 ettotus
1014 3557 1127 3621 ejusdem
1137 3558 1245 3608 Ecclesie
1254 3559 1366 3609 Conven-

313 3628 364 3686 tus,
376 3624 483 3672 sulutem
494 3623 521 3671 in
532 3622 786 3672 Domino-Noverit
795 3622 952 3673 Universitss
960 3626 1044 3671 vesun
1053 3623 1121 3698 quod
1133 3638 1192 3672 cum
1202 3624 1369 3673 controversie

314 3689 382 3737 inter
392 3704 438 3736 nos
449 3692 476 3736 et
487 3686 629 3737 Johsnncm
645 3687 693 3736 Sor
703 3702 779 3749 nrper
789 3687 961 3736 Advccecicne
976 3684 1087 3736 Eccleere
1102 3688 1187 3737 Sancti
1205 3687 1275 3738 Jruti
1285 3703 1368 3737 corum

314 3752 466 3803 Justicinriis
477 3752 581 3801 Domini
597 3752 671 3815 Regis
687 3751 786 3801 diucius
804 3752 895 3801 inisset
910 3751 1011 3814 agitate,
1022 3752 1133 3814 tondens,
1145 3751 1295 3802 ‚iusticieriis
1310 3768 1368 3802 con·

316 3815 493 3876 sencientibns,
511 3815 559 3864 hoo
579 3815 629 3864 fine
650 3816 732 3879 sopite
753 3820 800 3865 est.
847 3815 1028 3877 Concessimus,
1048 3816 1148 3877 suiicst,
1167 3818 1236 3881 quod
1257 3816 1371 3881 prointus

317 3882 446 3932 Johennes
457 3886 485 3930 et
492 3880 595 3929 heredes
605 3882 653 3941 sui,
662 3882 694 3929 de
704 3884 794 3940 cetero,
801 3878 918 3929 clericum
925 3880 1044 3931 idoneum
1053 3895 1238 3946 quemcumque
1245 3882 1372 3933 voluerint

318 3946 391 3995 nobis
410 3951 437 3995 et
455 3945 642 3995 Successoribus
661 3946 754 3994 nostris
771 3945 971 4008 presentebunt;
993 3950 1021 3994 et
1146 3960 1199 4009 nos,
1219 3946 1296 3996 einim
1312 3961 1372 3997 cnm

319 4010 374 4075 ipso
385 4010 502 4061 Jchenne
513 4009 552 4058 vel
568 4009 702 4059 heredibus
718 4010 777 4070 suis,
789 4010 898 4059 cundem
913 4009 1031 4059 clericum
1074 4010 1185 4061 'coessnc
1202 4010 1324 4075 Episcopo
1332 4012 1374 4062 rei

318 4076 376 4140 ejus
392 4074 545 4126 Offioinhbus
559 4074 778 4137 presentobimus3
793 4078 895 4138 accepte
913 4074 983 4137 prius
1000 4075 1032 4123 sb
1049 4076 1137 4125 eodem
1153 4076 1240 4125 clerieo
1257 4077 1374 4127 concione

227 4300 307 4353 ¹Geo
381 4303 526 4365 Fitz-Piers
537 4302 730 4353 Fsrlciltssex.
861 4304 960 4354 cecicne
974 4304 1083 4355 Ecclesie
1098 4305 1184 4356 Sancti
1202 4304 1296 4367 Justi,”
1310 4306 1377 4357 hom

228 4367 353 4418 ww?
377 4368 779 4419 citnmocremdosticimiisltin·
861 4368 906 4419 the
925 4370 1112 4420 “Abbreviscio
1132 4370 1294 4433 Plecitorum,
1316 4388 1379 4436 pege

259 4433 397 4496 ermtibus,
420 4434 496 4484 Anno
516 4435 544 4485 8⁰
560 4432 627 4497 Joh,
646 4432 679 4484 de
695 4433 778 4485 Adro·
861 4432 1378 4500 34‚”in01ivor’sumseon;p.1to.
