3242 5100
496 515 571 568 rim
601 514 746 570 ΗΠΒ
772 515 981 576 CHAR’PBRS.
1251 492 1324 566 483

265 669 376 734 Ideoque
386 668 487 722 mundi¹
497 671 602 722 rabulus
612 671 675 720 totis
690 670 787 721 viribus
802 670 908 732 invidet,
919 670 1010 722 suadet
1022 668 1129 730 mulieri,
1140 666 1231 718 mulier
1241 665 1325 716 νρριρ

265 735 320 797 (sic)
332 751 392 799 3per
400 736 541 785 suasionem
549 741 627 800 atque
634 753 678 800 per
686 735 883 785 inobedienciam
892 737 966 786 ambo
975 735 1073 798 decepti
1081 737 1143 784 sunt
1150 731 1324 782 fraudulenter

264 816 310 863 per
319 805 424 863 gustum
435 802 505 864 pomi
514 801 577 865 ligni
588 802 669 862 vetiti,
680 805 759 865 atque
769 801 906 850 amenitate
916 801 1035 864 Paradysi
1046 798 1140 862 dejecti
1154 800 1216 848 sunt
1231 797 1258 846 in
1276 795 1323 844 hoc

265 881 415 942 emmpnoso
425 867 515 926 seculo,
528 871 556 915 et
566 867 648 915 letum
658 866 706 915 sibi
717 882 746 914 oc
756 866 862 928 posteris
874 870 1073 929 promeruerunt,
1085 869 1163 928 atque
1178 863 1205 912 in
1225 866 1322 910 tetrum

266 930 350 995 abyssi
360 929 467 980 demersi
477 935 546 981 sunt
580 932 626 980 Set
636 931 683 980 hoc
695 931 834 980 misericors
845 937 872 980 et
883 931 1009 994 piissimus
1020 931 1095 982 Pater
1114 927 1224 978 indoluit
1243 926 1323 990 perire

265 999 320 1044 tam
330 995 376 1045 diu
386 995 496 1044 nobilem
507 1000 656 1056 creaturam,
668 996 714 1045 Sui
732 996 876 1059 ymaginem
885 1010 892 1052 ;
911 997 1029 1044 misertus
1040 999 1080 1044 est
1098 993 1182 1058 generi
1193 992 1304 1066 humano
1314 1007 1321 1048 3

265 1059 335 1110 misit
351 1060 424 1109 uobis
443 1060 470 1110 in
487 1065 609 1124 tempore,
629 1061 657 1110 id
675 1065 716 1110 est
733 1065 790 1124 poet
810 1061 938 1124 quinoque
955 1061 1024 1110 milia
1042 1074 1174 1112 annorum.
1193 1071 1321 1131 proprium

266 1125 360 1175 Filium
371 1124 461 1185 Suum,
478 1130 508 1175 ut
528 1126 653 1175 mundum
672 1125 801 1189 perditum
820 1125 913 1176 iterum
932 1129 1076 1179 reuovaret;
1096 1133 1131 1174 ut.
1145 1123 1211 1172 ucat
1232 1121 1322 1169 mulier

264 1189 355 1252 genuit
365 1195 473 1240 mortem
483 1191 587 1249 mundo,
598 1190 635 1240 ita
645 1205 690 1254 par
700 1189 832 1240 mulierem
841 1189 916 1240 enixa
926 1195 965 1240 est
976 1189 1048 1240 nobis
1063 1189 1115 1237 vita
1126 1189 1152 1237 in
1163 1187 1275 1237 mundo:
1295 1189 1321 1233 et

265 1255 332 1303 mcut
352 1270 397 1318 per
418 1254 540 1304 delictum
562 1255 617 1305 Ado
638 1270 725 1304 omnes
746 1254 894 1316 oonuimus,
917 1255 955 1304 ita
973 1270 1018 1318 per
1040 1253 1209 1303 obedienciam
1228 1249 1322 1300 Christi

265 1319 433 1377 surreximus;
445 1324 473 1370 et
483 1320 550 1370 sicut
561 1335 628 1370 mors
639 1335 684 1384 per
694 1319 792 1383 lignum
802 1319 916 1378 merarit,
927 1319 964 1368 ita
975 1325 1001 1368 et
1010 1319 1062 1368 vita
1073 1333 1117 1382 per
1125 1317 1223 1380 lignum
1230 1316 1321 1365 Sancta

266 1381 352 1433 Crucis
370 1384 447 1444 venit,
466 1389 493 1434 et
511 1386 646 1449 antiquum
665 1384 796 1434 inimicum
811 1384 947 1448 superavit,
966 1389 993 1434 ct
1007 1384 1080 1434 tortis
1099 1383 1191 1432 tortam
1210 1379 1322 1443 alligavit

265 1453 292 1497 et
302 1450 328 1497 in
343 1449 395 1497 imo
409 1449 509 1498 barch-o
519 1450 630 1499 retrusit
664 1449 739 1499 Juste
754 1448 831 1512 periit
844 1450 888 1512 qui
903 1449 999 1511 injuste
1016 1447 1131 1513 decepit,
1148 1451 1224 1510 atque
1236 1460 1322 1494 omnes

264 1513 390 1577 antiquos,
401 1520 499 1563 amictas
510 1520 613 1576 turmas,
620 1529 636 1562 a
645 1513 717 1563 fauce
727 1513 830 1578 pessimi
839 1513 917 1562 leonis
928 1514 964 1562 eri
981 1514 1146 1575 nitasuram
1158 1511 1282 1575 perditam
1293 1510 1320 1558 in

264 1578 485 1655 humerisposuit,
496 1584 523 1629 et
538 1579 572 1628 ad
587 1580 718 1644 antiquam
734 1579 843 1642 patriam
858 1530 1002 1642 [reduxitff²
1018 1584 1045 1628 et
1060 1578 1183 1628 dammam
1201 1575 1321 1626 Ordinem

234 1644 538 1770 cilffiplllhaasu
557 1712 731 1772 compunctus,
753 1707 802 1756 na
819 1707 987 1758 maran
1005 1707 1086 1758 aeus
1108 1706 1223 1783 abrosa
1244 1710 1321 1755 aar·

266 1787 389 1836 aramque
410 1772 526 1836 gencium
548 1773 671 1822 triviatim
693 1773 884 1837 persistendum
906 1773 1025 1834 Basileus,
1048 1773 1111 1822 dum
1133 1773 1322 1836 plurimumque

266 1838 400 1900 cogitarem
423 1838 454 1886 dc
479 1838 557 1901 hujus
578 1839 655 1887 seculi
682 1838 770 1887 caduci
795 1838 872 1887 rebus
897 1839 1046 1887 transitoriis
1066 1837 1191 1901 quomodo
1214 1835 1323 1898 Super-ni

266 1900 388 1951 Arbitris⁴
407 1903 522 1951 examine
540 1907 696 1966 cunctaque
713 1903 833 1952 videntur
850 1918 914 1952 vana
933 1907 1001 1964 sunt,
1022 1908 1049 1952 et
1067 1918 1117 1966 que
1134 1917 1184 1950 non
1204 1901 1322 1949 videntur

265 1972 369 2027 eterna3
385 1972 486 2017 etcum
504 1968 537 2017 de
556 1967 706 2017 transitoriis
724 1968 800 2017 rebus
820 1973 941 2032 perpetua
957 1968 1052 2032 premis
1070 1967 1254 2030 adquiruntur,
1272 1980 1323 2028 qua

265 2033 297 2080 de
316 2048 343 2080 re
362 2047 430 2081 nuno
449 2032 573 2096 patefacio
594 2033 711 2082 omnibus
731 2032 867 2082 Catholicis
886 2034 962 2096 quod,
981 2048 1038 2084 oum
1059 2032 1202 2082 concilicet
1221 2030 1323 2079 licencia

267 2097 447 2160 Episcoporum
463 2112 492 2146 ac
514 2097 667 2160 Principum,
686 2101 713 2146 ct
732 2097 847 2146 omnium
870 2097 1030 2162 Optimatum
1051 2112 1173 2156 meorum,
1191 2097 1260 2160 quod
1278 2110 1322 2157 pro

267 2176 351 2210 amore
372 2161 473 2210 Dormu
490 2161 590 2210 Nosrai
605 2162 686 2211 lanso
704 2162 812 2211 Caamru
828 2167 905 2226 atque
919 2163 1005 2212 Sancti
1023 2161 1176 2214 Oonlemoris
1197 2159 1322 2220 Germani,

268 2241 364 2274 necnon
386 2231 414 2275 et
435 2226 506 2276 Beati
530 2226 624 2275 Eximii
646 2227 752 2287 Petroci,
775 2242 821 2289 pro
842 2228 1015 2290 redempcione
1037 2228 1119 2276 anime
1140 2241 1203 2282 mee,
1226 2230 1252 2274 ct
1278 2241 1323 2288 pro

268 2291 425 2340 absolucione
445 2291 580 2340 criminum
601 2306 723 2353 meorum,
746 2290 837 2340 donavi
865 2292 1026 2368 Episcopium
1054 2291 1172 2341 Ealdredi
1196 2290 1320 2354 Episcopi,

268 2355 295 2404 id
314 2359 361 2413 est,
380 2355 407 2404 in
427 2356 558 2405 Provincia
576 2356 709 2416 cornubie,
731 2360 763 2405 ut
780 2355 858 2405 bbere
874 2361 914 2417 nt,
932 2357 1006 2420 eique
1023 2356 1138 2419 subjecta
1156 2355 1323 2418 omnibusque

268 2421 375 2484 posteris
397 2421 456 2480 suis,
476 2425 508 2470 ut
526 2421 579 2484 ipse
601 2421 726 2484 gubernet
743 2425 821 2484 atque
843 2425 914 2485 regat
935 2437 1007 2471 suam
1029 2421 1171 2485 parochiam
1188 2420 1262 2469 sicuti
1282 2419 1323 2468 alii

269 2485 385 2548 Episcopi
402 2486 448 2548 qui
466 2489 528 2535 sunt
546 2485 573 2534 in
593 2500 649 2535 mea
667 2486 770 2536 didone.
805 2486 886 2535 locus
904 2491 981 2551 atque
998 2487 1107 2551 regimen
1124 2486 1210 2536 Sancti
1227 2483 1325 2533 Petroci

268 2566 367 2614 semper
387 2552 414 2600 in
434 2555 564 2627 potestate
586 2552 642 2615 ejus
664 2552 699 2600 sit
725 2566 946 2615 successorumque
972 2552 1046 2602 illiue
1092 2552 1183 2615 Itaque
1210 2551 1324 2599 omnium

268 2616 390 2678 regalium
407 2616 562 2665 tributorum
578 2616 656 2665 libera
672 2617 707 2666 sit
726 2621 803 2679 atque
822 2616 905 2666 laxata
926 2617 952 2667 vi
968 2622 1114 2667 exactonrm
1129 2631 1233 2679 operum
1249 2631 1322 2677 pena-

269 2680 382 2743 liumque
401 2696 540 2741 causarum,
557 2697 654 2730 necnon
683 2686 710 2730 et
727 2681 814 2730 lurum
835 2682 1061 2745 comprehensione,
1080 2687 1221 2744 canumque
1247 2680 1324 2729 seculi

269 2746 398 2807 gravidine
417 2746 479 2807 (ric),
499 2746 593 2808 absque
612 2746 664 2794 sola
682 2746 842 2809 expedicione
864 2746 952 2810 atque⁵
971 2747 1049 2797 libera
1071 2746 1249 2811 perpetualiter
1270 2760 1324 2807 per·

270 2814 377 2859 mancat
412 2810 578 2874 Quicumque,
586 2826 651 2871 ergo,
663 2810 711 2859 hoo
718 2826 810 2873 augere
820 2816 897 2875 atque
908 2811 1076 2875 multiplicare
1085 2811 1198 2870 voluerit,
1208 2810 1325 2873 amplicat

270 2876 340 2923 Deus
351 2875 417 2923 bona
427 2875 495 2923 illius
512 2875 539 2923 in
553 2876 653 2939 regione
667 2875 817 2936 vivencium,
826 2892 936 2941 paceque
949 2882 1036 2926 nostra
1052 2876 1224 2939 conglutinata
1239 2875 1325 2937 vigens

270 2945 297 2987 et
317 2940 414 2999 florens,
433 2944 511 3003 atque
528 2939 596 2989 inter
617 2940 716 3003 agmina
732 2940 897 2989 beatitudinis
913 2941 1023 3005 tripudia
1042 2942 1160 2990 succedat
1178 2939 1223 3003 qui
1240 2943 1326 2988 nostre

271 3004 420 3053 Douadouis
442 3002 553 3054 muneri⁶
574 3004 722 3055 consenciat
756 3005 849 3068 Siquis,
866 3010 998 3065 vero‚tam
1017 3006 1191 3069 epilempticus
1205 3004 1326 3069 philargia

271 3070 325 3130 (ric)
344 3069 464 3118 seductus
483 3070 601 3131 ameucia,
622 3070 691 3133 quod
710 3085 762 3120 non
783 3074 908 3133 optamus,
926 3071 991 3121 hanc
1009 3076 1094 3119 nostre
1116 3070 1249 3119 elemosine
1265 3070 1324 3133 dap·

272 3134 392 3182 uilitatem
414 3150 476 3183 auso
498 3134 630 3183 maceratio
660 3134 795 3197 intringere
825 3136 995 3200 temptaverit,
1025 3136 1061 3185 sit
1086 3134 1139 3199 ipse
1166 3134 1289 3183 alienatus
1311 3149 1326 3183 a

271 3198 396 3248 concordio
420 3200 511 3248 Sancte
533 3199 581 3248 Dei
603 3199 719 3260 Ecclesia,
738 3214 784 3249 nec
806 3214 858 3249 non
880 3205 906 3249 et
927 3216 942 3248 a
964 3200 1154 3264 participacione
1171 3199 1327 3249 sacrosancti

272 3263 388 3326 Corporis
406 3268 433 3313 et
451 3263 586 3327 Sanguinis
606 3264 682 3313 Ilresu
701 3264 803 3323 Christi,
820 3264 878 3313 Filii
892 3265 946 3326 Dei,
964 3281 1009 3329 per
1020 3266 1101 3325 Quem
1115 3269 1187 3313 totus
1201 3268 1325 3313 terrarum

271 3328 338 3377 orbis
349 3328 381 3377 ab
393 3328 498 3392 antiquo
509 3328 614 3378 humani
624 3329 722 3393 generis
732 3329 834 3378 inimico
846 3329 968 3379 liberatus
982 3334 1028 3390 est,
1040 3333 1135 3379 etcum
1147 3329 1218 3389 Iuda,
1232 3328 1326 3378 Christi

271 3394 406 3455 proditore,
426 3393 528 3443 sinistra
550 3394 577 3443 in
599 3398 671 3458 parte
692 3395 838 3457 deputatus,
860 3394 887 3443 ni
909 3395 979 3458 prius
998 3394 1040 3443 hic
1058 3395 1134 3457 digna
1155 3393 1326 3443 satisfaccione

271 3457 376 3506 humilis
386 3458 526 3521 penituerit
535 3458 604 3521 quod
616 3456 724 3521 [conus]
735 3460 854 3509 Smctam
865 3459 913 3508 Dei
929 3459 1062 3509 Ecclesiam
1075 3459 1178 3509 rebelles
1190 3458 1242 3521 (sio)
1254 3473 1326 3521 agere

271 3524 432 3585 presumpsit,
443 3538 489 3572 nec
500 3523 527 3571 in
538 3524 591 3572 vita
602 3523 648 3572 bac
659 3523 768 3587 practica
776 3524 875 3573 veniam
883 3539 929 3573 nec
939 3524 966 3573 in
977 3524 1087 3573 theorica
1093 3524 1205 3587 requiem
1214 3526 1328 3587 apostata

271 3588 385 3650 optineat
409 3587 495 3648 ullam,
517 3592 555 3637 set
579 3588 672 3637 eternis
694 3588 787 3637 baratri
808 3589 929 3638 incendiis
952 3594 1037 3639 trusus
1063 3589 1158 3653 jugiter
1175 3588 1328 3637 mherrimus

272 3652 406 3702 crucietur.
442 3652 518 3701 Anno
534 3652 665 3702 Dominice
681 3653 864 3702 Incarnacionis
880 3653 1036 3703 Duco-0·
1054 3654 1108 3703 ΧΟ·
1124 3653 1171 3716 iiij,
1188 3653 1329 3702 indiccione

272 3716 329 3779 rije,
348 3717 441 3780 scripta
460 3722 500 3765 est
519 3717 566 3766 hec
583 3717 687 3768 cartula
701 3718 734 3766 ab
750 3718 893 3767 Venerabili
908 3718 1099 3782 Archiepiscopo
1116 3718 1229 3780 Sicerim,
1249 3718 1328 3767 Dorc-

272 3781 401 3830 bernensis
420 3782 536 3843 Ecclesia,
548 3782 628 3844 hujus
649 3782 822 3833 munificencia
841 3783 978 3847 singrapha
1016 3783 1072 3833 liiis
1090 3784 1207 3832 'lectibus
1225 3798 1327 3831 consen·

272 3846 405 3908 cimtibus,
423 3862 532 3909 quorum
550 3846 656 3897 inferius
676 3848 779 3897 nomina
799 3848 938 3897 decusatim
956 3848 1064 3897 Domino
1081 3848 1229 3913 disponente
1248 3862 1326 3897 carac-

272 3912 473 4024 tantun-{go
499 3911 647 3973 Adebedus,
671 3912 800 3962 Britannis
828 3914 908 3963 tocius
935 3913 1092 3975 Menarchus,
1125 3914 1213 3977 Hagye
1241 3912 1328 3962 Omcis

271 3980 421 4025 taumaterc
453 3976 512 4025 ravi.

176 4084 183 4115 ¹
203 4086 218 4109 “
225 4087 331 4145 mund,''
348 4088 401 4136 MS.
773 4088 783 4120 ⁴
800 4088 902 4138 arbitris
911 4104 959 4153 pro
970 4088 1064 4138 arbiter
1074 4088 1211 4149 (D'Amis).

174 4148 185 4180 ¹
202 4149 310 4214 recca]
322 4151 405 4201 added
419 4152 498 4201 above
509 4153 554 4203 the
569 4153 620 4202 line
631 4154 666 4215 by
677 4154 723 4216 Bp.
773 4152 784 4184 ⁸
800 4153 884 4217 utque]
903 4154 977 4203 After
998 4153 1049 4202 this
1066 4154 1141 4214 word,
1159 4168 1274 4202 someone
1305 4150 1327 4216 (I

207 4216 367 4265 Grandisson.
807 4218 1111 4279 thinlr,(lrandisson),has
1120 4218 1231 4267 inserted
1244 4218 1325 4281 “pcn-

176 4276 187 4310 ¹
206 4279 275 4330 Unde
285 4281 338 4343 aa]
349 4281 502 4332 Grandisson
510 4282 555 4331 has
564 4283 666 4332 marked
675 4283 727 4332 this
808 4284 876 4332 cium
889 4283 1100 4332 construccions.”

207 4346 248 4393 ior
257 4360 273 4394 a
283 4361 339 4395 new
349 4347 487 4411 paragraph
494 4363 501 4407 3
518 4347 691 4411 writing,also,
699 4347 726 4397 in
775 4346 786 4378 ³
801 4345 908 4405 rasam]
919 4348 1020 4408 muniri,
1032 4348 1084 4397 MS.

207 4410 253 4460 the
266 4411 371 4474 margin,
389 4412 403 4436 “
412 4412 462 4461 Hic
473 4412 541 4462 Nota
552 4413 573 4467 tl
583 4414 597 4435 ”

325 4478 405 4552 211¹
