3242 5100
300 509 348 578 90

552 525 687 580 aanor
704 507 1002 584 eacuusocuss's
1019 529 1204 582 camarae.

309 682 415 748 Forde
430 681 777 767 Abbey-ccntinued,

399 787 493 836 eisdem
504 787 683 836 mediatoribus
694 793 896 850 comparuerunt,
908 793 935 837 et
951 789 983 837 ad
1001 789 1121 852 majorem
1139 788 1298 838 maritatam
1316 789 1461 851 simpliciter

399 857 488 915 sponte
500 855 526 901 et
536 852 651 901 absolute
662 852 688 901 in
701 853 827 915 predictos
843 854 998 912 mediatores,
1011 859 1132 916 tanquam
1141 855 1167 903 in
1178 854 1292 911 arbitros,
1304 854 1458 912 diffinitam,

399 917 560 976 ordinatores,
584 917 732 976 laudatores,
751 934 795 966 seu
819 919 952 967 dictatores
969 923 1168 977 consenserunt;
1197 924 1223 967 et
1244 935 1320 981 super
1343 919 1460 967 omnibus

400 981 518 1044 predictis
530 986 557 1030 et
573 982 677 1045 sirrgulis
689 983 800 1043 arbitrio,
808 983 960 1042 diffinicicni,
969 983 1129 1043 ordinacioni,
1142 984 1223 1042 laudo,
1232 999 1276 1032 seu
1287 985 1355 1032 dicto
1370 999 1458 1032 eemn-

398 1047 464 1106 dem,
477 1047 528 1095 alte
539 1051 566 1095 et
576 1047 653 1106 basse
665 1045 713 1095 sub
730 1063 794 1110 pena
814 1052 916 1096 centum
931 1047 1052 1096 librarum
1073 1049 1142 1096 Parti
1159 1049 1368 1111 obtemperantia
1386 1050 1460 1097 Parte

399 1111 523 1160 renitente
543 1111 726 1172 solvendarum,
749 1128 801 1160 sese
823 1112 936 1161 totaliter
959 1114 1131 1162 submiserunt
1152 1114 1179 1162 ia
1206 1115 1287 1162 icrma
1302 1113 1461 1175 subscripta:

400 1177 460 1236 Nos,
478 1176 611 1238 walterus,
634 1177 793 1225 miseracione
821 1177 913 1226 Divina
935 1178 1082 1226 Excnicnsis
1104 1179 1249 1241 Episcopus,
1271 1195 1316 1241 pro
1338 1179 1411 1227 nobis
1436 1183 1463 1225 ct

400 1241 509 1290 Ecclesia
520 1246 612 1301 nostra,
625 1257 653 1290 ac
666 1243 754 1290 Frater
762 1241 910 1304 Willelmus,
923 1243 1007 1292 Abbas
1019 1244 1051 1292 de
1062 1245 1143 1292 Fcrdc
1154 1257 1199 1306 pm
1210 1244 1282 1291 nobis
1293 1249 1320 1291 et
1329 1244 1461 1292 Conventa

398 1311 491 1366 nestro,
512 1321 587 1368 super
598 1306 715 1355 omnibus
726 1307 850 1369 dampnis,
867 1307 973 1369 injuriis,
994 1313 1022 1357 et
1038 1308 1231 1370 gratensinibus,
1246 1308 1415 1366 contumaciis,
1435 1312 1463 1355 et

398 1371 498 1419 offensis
506 1371 675 1433 personalibus
684 1371 750 1420 inter
761 1388 806 1420 nos
815 1373 914 1422 dudum
921 1374 1014 1421 exortis
1025 1373 1051 1421 in
1059 1374 1216 1422 Venerabiles
1228 1374 1300 1422 Viros
1307 1378 1333 1422 et
1343 1373 1462 1421 discretos

399 1435 539 1499 Magistros,
559 1436 700 1484 ll'alterum
719 1437 823 1496 Scamel,
847 1437 976 1486 Decanum
995 1439 1093 1498 Sarum,
1105 1443 1131 1487 et
1150 1439 1273 1487 Thornam
1289 1438 1363 1497 Bake,
1375 1436 1461 1486 Archi·

398 1501 530 1550 diaconum
541 1501 680 1560 Dorsbetie,
689 1505 809 1564 tanquam
821 1501 848 1550 in
859 1502 972 1561 arbitros,
980 1503 1135 1562 diffinitores,
1144 1503 1304 1562 ordinatores,
1314 1503 1463 1561 laudatores,

398 1581 443 1613 seu
460 1565 602 1626 dictatores,
615 1567 744 1614 voluntate
760 1571 898 1629 spontanee
914 1568 1092 1629 consentimus,
1104 1574 1131 1616 et
1147 1584 1192 1616 nos
1204 1569 1337 1616 eorundem
1350 1567 1461 1625 arbitrio,

399 1629 551 1692 diffinicicni,
574 1631 733 1692 ordinacioni,
749 1631 833 1692 laudo,
850 1647 894 1680 seu
916 1633 992 1692 dicto,
1017 1633 1068 1681 alte
1086 1637 1113 1681 et
1135 1633 1212 1692 basse,
1235 1632 1410 1680 submittimus
1433 1636 1460 1679 et

399 1695 571 1758 supponimus,
583 1701 609 1744 et
621 1696 733 1744 totaliter
742 1696 891 1758 subjicimus
907 1698 955 1745 sub
969 1713 1033 1760 pena
1043 1697 1158 1760 superius
1168 1695 1304 1745 nominata
1338 1697 1461 1745 Volumus

399 1762 476 1808 eciam
489 1766 515 1809 et
531 1759 689 1809 concedimus
707 1761 775 1822 quod
793 1761 917 1810 Dominus
935 1763 996 1821 lter,
1008 1778 1052 1825 per
1068 1762 1250 1810 districcionem
1267 1777 1343 1824 anun
1360 1761 1463 1809 duxerit

399 1825 546 1888 eligendam,
558 1841 603 1873 nos
622 1826 654 1873 ad
673 1826 872 1874 observacionenr
889 1827 1001 1874 omnium
1021 1827 1197 1890 premissorum
1214 1826 1359 1889 compellere
1378 1827 1460 1874 valcat

399 1896 425 1938 et
437 1896 518 1938 artare
530 1907 536 1948 ;
547 1890 591 1950 ita,
601 1895 693 1949 tamen,
705 1891 774 1952 quod
785 1891 855 1939 rurlla
866 1892 963 1953 questio
975 1907 1018 1939 seu
1030 1892 1160 1940 contencio
1170 1892 1316 1953 contingens
1325 1889 1459 1938 Ecclesiam

398 1972 441 2004 scri
460 1955 599 2003 Manerium
619 1956 650 2002 de
673 1955 751 2018 Otcry
774 1956 865 2004 Sancte
888 1956 971 2012 Maria,
993 1972 1035 2003 scas
1059 1955 1171 2003 Domum
1193 1972 1269 2018 quam
1289 1960 1378 2004 tenent
1399 1954 1460 2003 dicti

398 2020 515 2082 lteligicsi
533 2019 607 2081 jurata
619 2019 721 2068 (latriam
738 2019 839 2067 Domini
857 2020 973 2082 Episcopi
989 2021 1014 2068 in
1033 2020 1140 2068 Ciuitate
1157 2020 1260 2078 Excnie,
1274 2021 1322 2068 sub
1340 2021 1387 2068 hac
1401 2021 1459 2067 sub·

398 2085 522 2144 missione,
534 2085 741 2146 interpretacicne
758 2100 923 2146 quacumque,
936 2085 1093 2146 aliquatenus
1105 2086 1340 2134 concludatur—In
1352 2101 1461 2147 quorum

398 2150 511 2198 omnium
520 2149 692 2198 testimonium
703 2155 779 2211 atqua
789 2151 864 2198 fidem
872 2150 953 2211 sigilla
962 2149 1076 2198 l‘arcium
1085 2150 1144 2198 huic
1153 2151 1326 2200 Instrumenta
1335 2151 1462 2212 duplicato

399 2214 542 2263 alternatim
554 2219 616 2262 saint
627 2230 742 2277 appensa,
754 2215 785 2262 de
798 2214 927 2262 volsintate
939 2220 965 2262 et
977 2229 1093 2276 expresso
1113 2231 1235 2264 consearsu
1247 2216 1362 2264 l‘arcium
1373 2231 1460 2263 earun-

399 2279 597 2328 dem—Datum
626 2280 693 2342 apud
717 2279 976 2335 westmonasterium,
999 2279 1038 2327 iii⁰
1065 2281 1149 2328 Nonas
1167 2281 1227 2329 Maii
1249 2281 1274 2341 [5
1295 2277 1365 2343 May]
1386 2281 1460 2329 Anno

399 2343 486 2393 Grecis
498 2344 543 2392 Me
564 2343 622 2393 00⁰.
635 2344 691 2392 lxx⁰
702 2345 807 2406 septimo
819 2360 825 2402 ;
844 2341 894 2394 idb.

389 2459 578 2525 ordinacio
593 2480 694 2544 scupea
708 2459 823 2523 eudem
836 2483 886 2520 :-

369 2564 494 2614 Universis
514 2569 641 2627 presentes
665 2564 761 2613 Literas
783 2561 932 2626 inspecturis
951 2563 1064 2626 Magistri
1083 2564 1209 2613 Walterus
1227 2564 1330 2625 Scamel,
1343 2565 1458 2613 Decanus

397 2630 495 2689 Sarum,
515 2634 542 2677 et
564 2630 672 2677 Thomas
694 2629 768 2687 Belre,
786 2629 981 2677 archidiaconus
1007 2629 1139 2678 Durshctic
1158 2630 1266 2679 salutem
1293 2630 1319 2678 in
1348 2628 1457 2677 Domino

397 2694 721 2757 sempiternam-Noverit
737 2694 893 2743 Universitas
913 2699 996 2741 vestm
1018 2695 1093 2756 quod,
1117 2710 1175 2743 cum
1196 2695 1264 2743 inter
1285 2695 1458 2743 venerabilem

398 2760 507 2817 Patrem,
532 2759 680 2819 Walterum,
709 2759 756 2806 Dei
782 2760 863 2821 gracia
883 2759 1050 2809 Excnicusem
1073 2760 1232 2823 Episcopum,
1255 2775 1286 2807 ex
1308 2764 1379 2820 parto
1401 2774 1458 2818 rana,

398 2830 425 2872 et
435 2824 569 2887 Religicscs
581 2824 660 2884 Viros,
668 2824 779 2872 Fratrem
790 2824 950 2883 ll'illelmum,
961 2824 1086 2872 Abbatem
1095 2824 1126 2871 de
1138 2824 1226 2879 Fortis,
1237 2830 1263 2873 et
1274 2824 1387 2886 ejusdcm
1400 2823 1459 2871 loci

399 2888 1458 2951 Conventum‚superquibusdamSuspeuaicnis,lnterdicti,etExccmmunicseicnum

399 2953 538 3003 sentenciis
549 2954 678 3017 utrimque
698 2954 807 3015 prolatis,
817 2970 846 3000 ac
863 2953 918 3001 aliis
929 2954 1035 3016 injuriis,
1047 2954 1239 3017 gravaminibus,
1251 2954 1420 3012 contumaciis,
1432 2957 1459 3000 et

399 3020 498 3067 cll'ensis
516 3018 686 3081 personalibus
706 3018 809 3066 suborta
829 3018 919 3066 fuisset
941 3020 1044 3067 materia
1054 3019 1199 3081 questionis,
1222 3033 1254 3066 ex
1273 3019 1358 3078 altera,
1375 3019 1459 3066 Partes

399 3086 492 3144 eedem,
505 3085 537 3131 ad
554 3084 594 3131 sui
606 3082 814 3145 tranquillitatem
826 3088 852 3130 et
864 3099 956 3147 pacata,
969 3100 1044 3146 stipor
1060 3083 1186 3146 premissis
1197 3083 1223 3131 in
1235 3098 1287 3143 nos,
1299 3088 1421 3145 tanquam
1433 3082 1459 3129 in

400 3150 514 3205 arbitros,
526 3148 679 3207 diffinitores,
692 3147 852 3206 ordinatores,
864 3148 1012 3207 laudatores,
1025 3164 1067 3196 seu
1086 3149 1226 3213 dictatores,
1238 3148 1369 3196 voluntate
1386 3162 1458 3209 spcu-

400 3218 474 3262 tanea
485 3218 672 3271 consenserant,
684 3212 787 3260 arbitrio
799 3217 892 3270 nostro,
902 3212 1053 3273 diffinicicni,
1063 3212 1222 3273 ordinacioni,
1233 3212 1316 3273 laudo,
1328 3228 1371 3260 seu
1384 3212 1460 3272 dicta),

400 3278 450 3326 alte
469 3282 496 3325 et
512 3278 583 3325 basse
600 3293 626 3325 se
643 3276 756 3325 totaliter
778 3278 964 3335 submittentes,
984 3283 1059 3339 prout
1078 3278 1105 3325 in
1125 3278 1299 3325 instrumento
1321 3292 1397 3339 super
1412 3276 1460 3325 hcc

400 3342 521 3403 coniecto,
533 3346 558 3390 ct
571 3340 684 3390 Paccium
696 3340 783 3405 sigillis
794 3342 899 3402 signato,
909 3343 1005 3404 plenius
1017 3342 1167 3390 continetur.
1192 3342 1266 3391 Unde
1282 3357 1335 3401 nos,
1347 3342 1460 3403 Magistri

400 3406 534 3466 Walterus,
542 3406 656 3454 Decanus
666 3406 791 3466 Sarum,et
798 3407 914 3462 Thomas,
920 3406 1114 3455 archidiaconus
1121 3406 1336 3469 Dcrshetie,super
1343 3406 1461 3454 omnibus

400 3471 507 3534 injuriis,
514 3470 706 3534 gravaminibus,
716 3472 915 3530 contumaciis,et
923 3472 1021 3520 offensis
1030 3471 1207 3534 personalibus,
1214 3472 1281 3520 inter
1287 3470 1461 3519 Venerabilem

400 3538 510 3597 Patrem,
522 3534 658 3583 Dominum
671 3533 823 3596 Walter-um,
835 3537 882 3585 Dei
895 3537 982 3585 Gracia
994 3536 1160 3585 Excnienscm
1177 3536 1336 3599 Episcopum,
1348 3550 1380 3584 cx
1391 3541 1462 3598 parto

400 3618 459 3661 ama,
470 3606 497 3650 et
508 3599 643 3663 Religicscs
654 3600 733 3660 Viros,
739 3601 853 3649 Fratrem
862 3601 1024 3657 Willelmum,
1033 3601 1157 3651 abbatom
1169 3602 1200 3649 de
1212 3602 1300 3661 Fcrde,
1312 3605 1339 3649 et
1349 3600 1463 3663 ejusdem

401 3666 462 3716 Ioci
481 3666 640 3715 conventum
660 3665 777 3726 subortis,
798 3682 829 3714 ex
850 3666 936 3727 altera,
948 3666 1041 3715 auditis
1063 3666 1202 3715 racionibus
1224 3670 1251 3714 et
1272 3664 1463 3729 allegacicnibus

401 3730 517 3780 Porcium
532 3745 616 3778 curam
633 3730 704 3779 nobis
724 3731 856 3794 propositis
876 3736 902 3780 et
919 3732 1016 3793 plenius
1033 3731 1174 3792 intellectis,
1190 3731 1335 3793 meritisque
1353 3730 1462 3793 proposi·

401 3800 487 3844 torum
508 3794 723 3858 pcnderatis,·-In
741 3795 850 3843 Nomine
867 3796 976 3857 Domini,
996 3797 1098 3846 Amen:
1123 3797 1281 3856 Ordinamus,
1299 3796 1413 3856 dicimus,
1435 3802 1463 3843 et

401 3860 533 3909 laudamus
544 3860 612 3923 quod
623 3860 735 3923 prefatus
747 3860 838 3919 abbas,
850 3876 895 3923 pro
906 3876 932 3908 sc
943 3865 969 3908 ct
979 3862 1111 3909 Conventa
1121 3877 1175 3921 suc,
1186 3862 1219 3909 ad
1229 3860 1349 3909 bonorem
1361 3860 1464 3909 Domini

402 3924 519 3989 Episcopi
541 3925 687 3974 Excnicnsis
709 3929 736 3972 et
761 3925 867 3973 Ecclesia
889 3941 934 3973 suc
953 3925 1108 3986 Excuicnais,
1126 3927 1252 3974 universas
1279 3925 1463 3987 suspensionis,

403 3990 542 4050 interdicti,
554 3995 581 4038 et
599 3990 893 4039 Excommunicacicnum
905 3990 1056 4050 sentencias,
1067 4007 1112 4053 per
1127 3990 1209 4053 ipsum
1220 3989 1345 4039 abbatem
1354 3990 1386 4037 de
1397 3989 1464 4039 iacto

402 4055 429 4103 in
454 4055 622 4117 prejudicium
646 4053 749 4103 Domini
770 4056 886 4118 Episcopi
910 4056 1086 4118 promulgatas,
1109 4056 1172 4104 citra
1191 4056 1296 4103 Festum
1315 4054 1463 4105 Natiuitatis

403 4120 476 4169 Beati
486 4121 503 4169 ,J
505 4120 609 4168 ohannis
620 4120 735 4182 Baptista
745 4120 798 4183 jam
811 4121 909 4168 instans
925 4122 966 4181 [24
979 4122 994 4169 J
997 4121 1065 4181 une],
1082 4121 1109 4169 in
1120 4121 1179 4169 locis
1191 4120 1283 4183 quibus
1297 4119 1365 4168 idem
1379 4120 1464 4169 Abbas

402 4183 469 4248 ipsas
477 4184 620 4233 Sentencias
632 4185 769 4247 publicavit
777 4188 803 4232 et
815 4185 875 4232 iecit
885 4186 995 4247 paradica
1007 4185 1135 4248 publicari,
1142 4186 1241 4248 publice
1251 4189 1278 4233 et
1285 4184 1465 4248 sollempniter,

403 4265 432 4297 ac
452 4248 614 4312 personaliter
632 4248 659 4297 in
679 4249 788 4297 Ecclesia
805 4249 947 4298 cathedrali
965 4250 1106 4309 Eacniensi,
1121 4251 1149 4299 in
1168 4250 1266 4313 scriptis
1284 4249 1427 4312 denunciet,
1439 4260 1465 4299 et

404 4314 549 4363 denunciari
565 4314 648 4375 iaciat,
665 4314 746 4363 nullius
764 4313 871 4379 penitus,
888 4314 977 4373 irritas,
993 4319 1020 4363 et
1036 4314 1138 4375 inanes,
1154 4316 1272 4377 quodque
1291 4313 1465 4365 ministeriales

405 4380 541 4430 eorundem
563 4378 669 4429 Abbatis
689 4382 715 4429 et
743 4380 889 4430 Conventus
917 4378 1038 4429 seculares
1060 4394 1111 4430 non
1132 4380 1250 4443 exempti,
1272 4379 1318 4443 qui
1342 4394 1387 4443 pre
1413 4382 1466 4432 satis
