3242 5100
568 572 840 644 neutrumne,
859 574 939 631 nnc.
1263 560 1334 629 185

270 732 368 783 ᾱοπαιι
377 732 410 782 de
420 730 489 783 diets
499 730 609 782 Rcciesie
618 730 760 781 iaciendum
776 730 843 781 inter
862 730 993 795 premimus
1011 730 1098 779 Partes
1118 728 1200 779 eidem
1215 728 1329 779 totaliter

271 797 450 849 commisimus.
486 796 543 858 Qui,
562 796 635 845 nobis
650 795 809 860 presentibus
826 800 853 845 et
868 810 998 845 emensum
1015 795 1184 859 prebentibus,
1202 794 1328 845 ordinavit

272 862 300 913 in
312 863 382 912 bunc
396 862 519 912 modum:
540 861 664 921 videlicet,
682 860 750 925 qnod
767 860 851 910 dictus
867 860 989 910 Ricsrdns
1005 860 1037 909 de
1054 859 1184 909 Bemielde
1199 860 1332 909 annuetim

273 927 392 992 percipiet
410 927 533 977 debonis
550 926 617 976 dicte
634 926 751 986 Ecclesie,
781 926 904 989 quamdiu
926 925 1018 975 vixerit
1037 925 1158 974 Ricnrdus
1175 925 1207 974 de
1225 924 1332 1001 Ghippe·

272 994 360 1056 steple,
378 992 412 1041 eb
430 993 526 1053 eodem
543 992 577 1041 ed
594 991 696 1050 Pesche,
715 1005 793 1039 unum
816 990 947 1039 dimidium
970 1004 1080 1040 mercum
1102 990 1207 1053 argenti,
1231 1005 1332 1039 nomme

273 1058 425 1107 Pmmuu
446 1057 513 1107 dicte
535 1055 644 1106 Reclusis
665 1056 699 1105 de
724 1055 903 1115 Tborrertone,
926 1070 985 1105 cum
1006 1054 1063 1119 jure
1090 1054 1252 1116 accrescendi,
1275 1059 1333 1118 post

272 1127 381 1172 mortsun
390 1122 454 1171 dicti
464 1121 564 1172 Riemdi
582 1120 615 1170 de
626 1118 803 1183 chippesteble
817 1121 885 1180 (ric),
897 1120 923 1169 in
935 1120 1079 1170 universum
1090 1119 1133 1182 jus
1141 1119 1207 1169 dicte
1220 1120 1329 1169 Ecclesia

273 1202 331 1237 cnm
342 1187 460 1236 omnibus
479 1184 646 1249 pertinenciis.
681 1185 723 1234 Ad
738 1200 816 1248 quem
833 1186 997 1235 Personstum
1012 1184 1129 1234 eumdem
1146 1184 1282 1234 Ricardum
1300 1185 1332 1233 de

274 1252 405 1301 Bsmielde
423 1251 552 1301 cedtetire
573 1250 727 1311 admisimus,
750 1255 777 1300 et
800 1250 884 1313 ipsum
909 1250 935 1299 in
958 1249 1046 1299 eudem
1069 1249 1178 1299 Ecclesia
1201 1250 1332 1299 Rectorem

274 1316 450 1377 institnimns3
467 1316 510 1377 ite,
528 1315 652 1375 videlicet,
671 1316 748 1377 qnod,
769 1314 837 1364 dicto
864 1314 968 1364 iticerdo
985 1315 1017 1364 de
1035 1314 1212 1377 Chippestsple
1228 1314 1332 1363 cedente

275 1382 315 1431 vel
326 1382 469 1442 decedente,
480 1380 554 1430 licent
570 1380 652 1429 eidem
662 1380 776 1440 Rimrdo,
788 1395 856 1428 nunc
877 1380 983 1441 Hectori,
995 1379 1109 1428 eumdem
1127 1378 1262 1428 Ecclesium
1273 1394 1332 1428 cum

274 1446 391 1496 omnisne
408 1446 568 1523 pertinenciis
589 1444 693 1507 ingredi,
716 1450 743 1493 et
761 1444 876 1493 eumdem
897 1444 1049 1493 auctoritate
1071 1443 1138 1493 dicte
1161 1444 1333 1493 Ordinuricnis

276 1510 353 1561 libere
371 1516 484 1570 retinere,
496 1510 571 1559 salvis
585 1509 703 1558 omnibns
721 1509 776 1558 eliis
797 1508 975 1558 ovencionibus
987 1509 1040 1570 (sic)
1052 1508 1119 1558 dicte
1132 1508 1241 1557 Ecclesm
1252 1508 1333 1558 eidem

276 1576 382 1625 Ricerdc
392 1576 425 1625 de
436 1574 620 1639 Ohippesteple‚
636 1574 758 1638 quamdiu
779 1574 872 1623 vixerit
886 1573 1024 1622 retinendis
1042 1589 1070 1622 ec
1087 1573 1248 1636 possidendis.
1291 1574 1333 1634 nt,

276 1641 336 1705 quie
345 1641 413 1690 idem
425 1640 546 1690 Riserdus
557 1640 589 1689 de
602 1638 779 1703 Chippesteble
789 1636 863 1699 (ric),
875 1639 943 1688 senio
955 1639 1097 1687 conirectns
1113 1642 1139 1687 et
1150 1638 1334 1702 egritudinibus

276 1706 350 1755 verde
360 1706 514 1765 debilitatus,
525 1720 552 1753 se
562 1709 590 1754 et
600 1720 647 1753 sne
656 1709 828 1766 competenter
846 1720 930 1767 regere
950 1719 1001 1753 non
1019 1708 1110 1767 potest,
1123 1702 1207 1753 dictus
1218 1704 1334 1753 Decunus

276 1770 407 1820 Weiiensis
417 1770 499 1819 eidem
510 1770 616 1819 Rieurdo
627 1770 659 1817 de
672 1769 807 1830 Demieide,
820 1770 851 1817 de
868 1774 954 1818 nostro
971 1783 1087 1831 expresso
1103 1784 1232 1829 consensu,
1244 1784 1332 1818 curem

277 1836 392 1898 ejusdem
414 1835 513 1885 Rioerdi
535 1835 566 1883 de
587 1834 764 1898 Chippestsple
786 1850 816 1882 ec
838 1832 947 1883 Ecclesia
972 1838 1116 1894 memorate,
1138 1848 1197 1882 cum
1219 1833 1333 1897 ejusdem

276 1900 500 1959 edminintmeione,
518 1899 551 1948 ed
572 1898 652 1949 vitem
671 1898 732 1947 dicti
754 1898 854 1947 Ricerdi
877 1899 909 1947 de
929 1897 1113 1962 chippestsple,
1136 1898 1333 1947 commisit-In

277 1965 398 2029 cnjusrei
409 1964 583 2014 testimoninm
602 1968 730 2027 presentes
750 1963 847 2012 Literes
866 1962 941 2027 sigini
960 1962 1039 2012 nostri
1058 1962 1219 2026 impressione
1230 1964 1327 2011 roboru-

276 2031 366 2079 rimus.
374 2031 497 2078 -Dutnm
513 2030 580 2092 apud
600 2027 746 2091 Horsleghe,
757 2028 798 2076 die
820 2028 994 2077 conversionis
1013 2028 1099 2077 Sancti
1115 2027 1333 2090 Psu1i12tsan1,

277 2095 351 2144 Anno
364 2094 464 2144 Domini
481 2093 520 2143 n⁰
531 2094 587 2144 00⁰
598 2092 637 2143 11⁰
647 2093 732 2154 tercio,
744 2098 771 2141 et
783 2092 982 2143 Drnwcmdonn
994 2098 1079 2142 noetre
1089 2098 1161 2142 sexto
1173 2108 1179 2151 ;
1196 2094 1234 2143 29.

244 2160 320 2209 Anno
336 2160 431 2221 eodem
448 2159 489 2208 die
504 2158 575 2207 ioris
591 2158 705 2221 proxime
720 2162 779 2221 post
795 2158 899 2207 Festum
922 2158 1131 2207 Annunciscionis
1156 2159 1232 2207 Beate
1255 2158 1333 2207 Muris

278 2225 320 2287 [26
331 2224 425 2285 iiurcb,
438 2221 520 2287 1265}
537 2223 662 2273 Dominus
674 2223 819 2286 Epiewpus,
831 2223 898 2285 epud
910 2224 1014 2283 Penren,
1027 2222 1140 2272 instituit
1155 2222 1292 2273 Ricardum
1303 2223 1334 2273 de

279 2290 406 2353 &suade
421 2290 553 2339 Rectorem
563 2288 590 2337 in
608 2288 717 2337 Ecclesia
727 2287 760 2336 de
773 2288 945 2336 'Fhorvertone
957 2303 963 2347 ;
980 2302 1056 2351 quem
1072 2292 1131 2337 ente
1142 2286 1277 2337 sdmieerut
1289 2304 1333 2351 per

278 2354 469 2405 Ordinncionem
479 2354 512 2403 ud
523 2353 616 2402 dictem
628 2352 763 2401 Ecclesium
774 2352 1029 2401 custodiendum-ut
1039 2356 1110 2415 putet
1120 2368 1196 2451 supra
1204 2352 1231 2403 in
1242 2358 1333 2417 quarto

278 2419 338 2469 iulio
349 2417 399 2483 [ie.
411 2435 444 2468 on
455 2418 500 2469 the
511 2418 557 2467 stt
568 2417 628 2467 tolio
638 2432 716 2481 supro
727 2417 773 2467 vin
785 2417 822 2467 iol
833 2414 885 2481 29],
897 2421 924 2467 et
934 2416 1032 2479 hebuit,
1043 2422 1090 2468 etc.
1105 2420 1138 2480 33
1170 2456 1175 2469 .

180 2499 407 2566 Tristissimus
422 2498 649 2586 [Tellebrigge
664 2497 761 2582 MS.]‚
776 2498 896 2564 Rector
911 2497 990 2564 oi·-

244 2589 285 2639 Sir
301 2587 408 2637 warum
417 2587 448 2637 dc
467 2585 632 2650 i'teticbrippe,
643 2586 729 2650 priest,
740 2601 790 2636 ures
801 2586 859 2636 inst
873 2589 888 2636 2
906 2583 983 2652 ΜΨ
996 2588 1059 2638 1280
1072 2603 1078 2650 ;
1096 2587 1197 2648 Pstron,
1214 2587 1254 2638 Sir
1265 2587 1334 2638 John

277 2653 309 2703 de
320 2653 465 2716 ctsrtsny,
477 2651 539 2701 Knt
553 2666 559 2712 ;
571 2653 610 2701 96.

180 2734 437 2801 Tnumssrons
451 2732 688 2816 [Thorlestons
703 2732 796 2816 MS.]‚
813 2731 932 2799 Rector
947 2733 1025 2798 of-

243 2820 327 2936 Rullfpt
338 2820 368 2871 de
383 2819 499 2936 Feffirtis,
514 2819 588 2881 clerk,
606 2835 656 2869 πω
671 2819 740 2881 inst,
758 2821 788 2871 17
805 2820 885 2880 Feb,²
903 2820 1026 2882 lete-80,
1043 2821 1144 2882 Patron,
1156 2819 1197 2872 Sir
1214 2820 1291 2885 Hugh
1301 2821 1333 2871 de

299 2900 401 2945 mi

181 2967 368 3041 Tsnrsosn,
389 2965 503 3031 Vicere
518 2965 598 3030 ot-

247 3053 348 3104 uma
358 3052 388 3103 de
400 3051 522 3113 mem,
532 3051 655 3115 cbnplein,
665 3067 716 3101 uus
726 3053 796 3113 inst,
809 3054 825 3102 2
842 3053 859 3103 J
861 3050 930 3114 nne,⁸
942 3054 1055 3104 1258ss
1063 3053 1089 3103 in
1100 3053 1217 3103 vicus-ism
1225 3053 1333 3104 Ecclesie

276 3119 368 3170 sinus
389 3116 547 3167 Marcellinus
567 3118 599 3166 de
621 3117 755 3180 'lintrgeh
777 3133 854 3181 quem
874 3118 998 3168 Dominus
1021 3119 1157 3182 Episcopus
1179 3118 1202 3168 ei
1224 3121 1334 3170 contulit

276 3183 425 3232 anctoritate
442 3181 546 3232 concilii
563 3182 743 3243 laterenensis,
760 3183 821 3245 quin
837 3187 909 3232 tento
925 3187 1038 3246 tempore
1054 3184 1151 3233 vucerit
1166 3185 1234 3248 qnod
1253 3185 1332 3248 ipsius

278 3247 386 3297 Colincic
396 3247 429 3296 sd
440 3262 499 3296 eum
511 3246 598 3296 extitit
608 3247 728 3297 devoluta
736 3248 751 3268 ”
762 3264 768 3308 ;
782 3250 803 3296 4.
838 3247 880 3297 See
891 3249 953 3297 Gen.
967 3248 1054 3298 Index.

247 3311 501 3363 Tamesim—“Anno
514 3312 608 3373 eodem,
624 3312 665 3361 die
683 3312 771 3362 Mortis
787 3312 900 3376 proxime
919 3317 977 3376 post
993 3314 1097 3363 Festum
1114 3313 1201 3363 Sancti
1217 3313 1332 3375 Metthei,

277 3375 392 3441 Apostoli
403 3377 445 3440 [23
456 3377 534 3440 Sept,
546 3374 629 3440 12591,
639 3377 707 3439 apud
717 3377 829 3438 Poltone,
841 3377 960 3440 premisse
970 3378 1137 3441 Inquisicione
1148 3395 1192 3455 por
1203 3379 1332 3429 Decunnm

277 3449 305 3492 et
322 3441 468 3505 Capitulum
486 3442 544 3492 loci
566 3442 640 3502 iectu,
660 3442 757 3490 missit
779 3442 902 3491 Dominus
925 3443 1062 3506 Episcopus
1079 3443 1202 3492 Vicsnem
1224 3444 1333 3493 Ecclesie

277 3509 369 3557 Sancte
385 3506 534 3556 Mortesisne
544 3505 731 3582 de‘i'ynthugel,
740 3508 772 3556 de
783 3522 904 3556 consensu
916 3508 1082 3571 procuratoris
1089 3508 1236 3558 Moniulium
1244 3508 1332 3558 Fontis

277 3571 397 3630 Ebnudi,
408 3576 435 3620 et
449 3570 571 3620 concessit
581 3572 677 3620 Lrterus
688 3571 862 3621 Institncionis
874 3572 998 3634 Gervssio,
1011 3572 1108 3622 Vicerio
1124 3572 1203 3636 ipsius
1214 3573 1331 3634 Ecclesie,

278 3637 306 3686 in
332 3636 378 3686 bec
405 3635 480 3685 serbe
491 3635 666 3696 2-Universis,
689 3637 877 3686 etc-Noverit
895 3637 1052 3687 Universitss
1079 3641 1162 3687 vestre
1188 3638 1257 3702 quod
1279 3653 1332 3700 nos,

278 3701 438 3752 ettendentes
471 3700 541 3764 qnod
574 3700 670 3750 Vicerie
702 3701 811 3751 Reclusis
838 3702 929 3751 Sancte
961 3701 1110 3752 bierterisne
1137 3703 1169 3752 de
1191 3701 1332 3767 'fyntbegel

279 3771 352 3817 tento
360 3771 473 3830 tempore
488 3765 586 3815 mus
599 3765 668 3829 qnod
685 3765 763 3828 ipsius
780 3765 896 3827 Collscio,
908 3782 952 3830 per
966 3766 1145 3830 negligenciam
1160 3767 1294 3816 Abbotisse
1304 3773 1331 3818 ot

279 3833 425 3882 Conventus
436 3830 580 3880 iicnmterii
596 3829 685 3880 Fontis
701 3831 821 3892 Ebreudi,
837 3832 870 3881 ed
885 3824 930 3880 noi
944 3831 991 3881 hec
1007 3831 1061 3881 rice
1075 3831 1215 3880 secundnm
1231 3832 1335 3882 Ststute

278 3895 383 3947 concilii
400 3894 527 3945 Generalis
548 3895 583 3945 sit
604 3895 729 3957 deuolute,
752 3911 808 3945 eum
831 3896 921 3946 dilecto
943 3895 995 3946 filio
1018 3895 1131 3946 ueruto
1152 3896 1183 3946 dr
1211 3895 1333 3957 umens«,

277 3960 422 4025 presbitero,
434 3959 525 4008 Dirine
536 3960 646 4010 mittetis
656 3960 761 4021 intnitn,
774 3961 935 4021 contulimus,
947 3966 974 4011 et
984 3961 1068 4024 ipsum
1079 3961 1105 4010 in
1114 3962 1202 4011 eedem
1216 3961 1333 4012 cononice

278 4026 407 4076 Vicurinm
428 4024 593 4086 instituimus,
615 4025 716 4088 juribus
737 4030 765 4075 et
786 4025 910 4089 dignitate
933 4025 1080 4075 Exoniensis
1102 4024 1212 4076 Ecclesie
1233 4042 1334 4090 semper

278 4090 364 4148 saleim
375 4089 527 4150 ordinantes,
534 4090 566 4139 de
574 4105 690 4153 expresso
697 4105 819 4139 consensu
828 4090 995 4154 procuratoris
1003 4091 1151 4140 Monislium
1157 4091 1335 4155 predicterum,

278 4156 377 4205 illustre
393 4153 457 4215 (sic)
476 4155 545 4216 nege
562 4156 741 4216 Romenomm,
753 4154 859 4204 Ricerdo
878 4171 975 4220 semper
993 4157 1117 4220 Augusto,
1136 4155 1215 4220 ipsius
1226 4156 1334 4206 Ecclesie

278 4221 396 4281 Patrono,
409 4234 486 4269 suum
500 4219 533 4268 sd
547 4218 595 4269 hcc
610 4219 772 4283 imperciente
787 4235 944 4280 consensum,
962 4221 1031 4285 quod
1040 4221 1152 4271 Vicsrins
1163 4221 1291 4285 predictus
1301 4222 1334 4272 de

179 4371 515 4502 :daliwi-rubrum
540 4441 599 4502 post
627 4436 733 4489 Festum
781 4371 1034 4500 ‘sffiilodddeddldkii
