3242 5100
301 484 372 557 198
544 510 678 563 ennon
695 491 997 567 suoussoousn's
1013 513 1208 569 ussurus.

299 659 741 734 Inuuceston—continued.

397 766 532 831 6¹1erst
549 774 576 819 et
592 772 709 821 omuibus
725 773 780 822 eliis
796 774 1025 825 consuetudinibus.
1061 776 1241 835 concessimus,
1253 773 1337 831 eciem,
1348 771 1408 835 ipsis
1427 774 1455 820 ot

396 831 531 882 heredibus
537 837 596 897 suis,
606 836 731 899 pronubis
739 839 1014 901 etheredibusncstrie,
1022 840 1113 890 hebere
1121 840 1269 889 eleccionem
1278 836 1452 899 dePrepositis

396 897 455 957 suis,
467 902 653 963 etresponders
664 902 695 950 de
707 902 779 951 firmo
790 904 869 967 ipsius
886 905 969 968 Burgi,
982 906 1014 953 sd
1033 906 1128 954 Pesohs
1148 910 1175 953 et
1194 905 1226 953 sd
1245 904 1349 953 Festum
1366 900 1453 950 Sancti

396 961 532 1021 Michnehs,
548 966 688 1025 aunuatim,
707 968 780 1016 nobis
797 970 837 1017 vel
854 969 956 1019 Bellivis
976 970 1075 1030 nostris,
1099 970 1193 1019 scilicet
1212 970 1244 1017 de
1263 968 1289 1017 c.
1309 967 1403 1027 solidis,
1426 970 1453 1014 et

397 1026 523 1077 Prioretui
542 1030 628 1079 Sancti
640 1032 761 1095 Stephani
772 1033 803 1081 ds
817 1034 1001 1083 [snscevetone
1012 1036 1044 1083 de
1055 1035 1183 1098 sexaginte
1193 1034 1306 1097 quinque
1323 1031 1410 1079 solidis
1425 1038 1451 1079 et

396 1091 482 1140 decem
491 1094 605 1156 denariis,
614 1100 642 1145 et
650 1097 764 1160 leprosis
775 1098 862 1146 Sancti
870 1100 991 1147 Leonerdi
1003 1100 1034 1147 de
1044 1100 1229 1149 Lsnscevstone
1240 1099 1272 1147 dc
1282 1099 1307 1146 c.
1318 1096 1410 1155 solidis,
1420 1096 1452 1143 de

397 1156 532 1206 elemosina
542 1164 638 1209 nostre:
654 1159 697 1220 itu,
709 1166 802 1222 tumen,
815 1164 884 1225 quod
900 1164 921 1211 si
933 1164 1055 1227 Propositi
1067 1181 1111 1227 per
1122 1180 1163 1213 ecs
1174 1163 1247 1213 electi
1263 1163 1289 1210 iu
1307 1162 1390 1224 nliquo
1402 1160 1450 1208 eri·

397 1221 487 1270 denter
494 1223 647 1287 deliquerint
658 1226 697 1273 vel
709 1228 914 1289 presumpserint,
926 1228 973 1277 hoc
984 1228 1068 1291 ipsum
1079 1229 1219 1277 secundum
1232 1227 1351 1276 delictum
1359 1232 1386 1274 et
1396 1240 1450 1287 pre·

396 1286 569 1350 sumpcionem
577 1289 646 1338 illum
655 1292 833 1340 emendabunt
853 1292 1033 1353 Concessimus,
1043 1293 1129 1353 eciem,
1141 1292 1202 1356 ipsis
1213 1297 1241 1341 ct
1248 1291 1382 1340 heredibus
1391 1290 1450 1349 suis,

396 1366 442 1413 pro
459 1353 530 1401 nobis
547 1358 574 1401 et
590 1355 772 1404 successonbus
788 1357 889 1417 nostris,
908 1358 976 1420 quod
993 1373 1043 1406 non
1060 1358 1181 1421 placitent
1195 1357 1244 1405 nisi
1260 1357 1325 1404 inire
1337 1356 1449 1417 Burgum

395 1430 472 1464 suum
489 1418 690 1479 prenominatum
702 1419 733 1468 de
745 1420 842 1483 placitis
854 1422 893 1469 vel
905 1422 979 1470 rebus
996 1423 1197 1485 quibuscumque
1215 1420 1399 1484 pertinentibus
1417 1420 1449 1467 sd

397 1480 510 1543 Burgum
528 1498 610 1543 suum,
629 1484 677 1532 nisi
695 1485 727 1533 do
747 1486 844 1548 plueitis
860 1488 892 1535 sd
910 1487 1032 1536 coronam
1050 1488 1152 1535 Domini
1168 1486 1242 1548 Regis
1258 1485 1447 1548 pertinentibus

396 1545 577 1605 concessimus,
595 1548 680 1607 eciem,
690 1549 750 1612 ipsis
767 1555 793 1597 et
810 1550 943 1599 heredibus
954 1552 1013 1612 suis,
1026 1568 1070 1614 pro
1082 1552 1153 1601 nobis
1165 1557 1191 1599 et
1203 1550 1335 1599 heredibus
1347 1549 1447 1605 nostris,

394 1609 486 1658 hebere
497 1616 553 1660 octo
565 1613 706 1662 Comitatus
718 1630 762 1676 per
772 1630 869 1663 unnum
879 1616 906 1663 in
919 1616 1002 1679 Burgo
1013 1620 1099 1665 nostro
1114 1616 1294 1679 prenominato,
1305 1614 1447 1676 incipiendo

394 1690 409 1722 s
421 1676 533 1737 proximo
546 1677 674 1726 comitutu
686 1686 743 1741 post
751 1680 872 1729 clsusum
882 1680 974 1729 Pseche
986 1683 1108 1744 usquead
1120 1682 1195 1729 finem
1204 1686 1261 1729 octo
1274 1680 1447 1729 comitatuum

394 1740 577 1801 proximorum¹
588 1744 756 1805 sequencium.
791 1744 972 1806 concessimus,
985 1746 1069 1806 eciem,
1082 1746 1141 1808 ipsis
1153 1751 1180 1794 et
1190 1745 1324 1794 heredibus
1333 1744 1392 1799 suis,
1405 1758 1449 1805 pro

394 1803 467 1853 nobis
479 1811 505 1854 et
516 1806 649 1855 heredibus
664 1809 764 1869 nostris,
776 1813 807 1857 ut
818 1808 927 1859 habeant
947 1815 974 1859 et
991 1815 1095 1859 teneant
1113 1826 1189 1860 unam
1204 1811 1313 1873 placeam
1325 1809 1350 1856 in
1362 1808 1449 1857 eodem

394 1869 478 1931 Burgo
493 1871 526 1918 ud
542 1873 669 1933 quendum
687 1873 779 1922 Aulum
794 1874 951 1923 Gillstcrism
963 1875 1112 1938 erigendum,
1125 1874 1270 1924 tenendsm³
1285 1876 1317 1922 dc
1332 1873 1404 1921 nobis
1422 1876 1450 1920 et

394 1932 528 1983 heredibus
546 1937 646 1996 nostris,
666 1937 711 1985 ubi
735 1938 866 1987 decencius
885 1944 912 1988 et
933 1939 1102 1989 honorabilius
1124 1940 1278 2002 providerint
1301 1954 1344 2000 per
1372 1952 1448 1985 uusrn

394 1998 484 2046 libram
495 2000 587 2063 piperis
604 2002 734 2050 annuatim
752 2004 906 2053 reddendum
925 2003 952 2053 in
971 2006 1045 2053 Festo
1065 2006 1150 2053 Sancti
1170 2004 1297 2053 Michaelis
1317 2019 1361 2065 pro
1379 2001 1448 2050 omui

393 2063 504 2124 servicio,
515 2066 624 2127 querele,
636 2071 662 2114 et
681 2068 817 2117 exaccione.
853 2069 1032 2127 concessimus,
1051 2070 1135 2130 ecinm,
1149 2085 1193 2131 pro
1207 2069 1340 2117 heredibus
1357 2067 1448 2115 nostris

394 2132 421 2175 et
445 2129 524 2190 nobis,
549 2130 609 2191 ipsis
628 2136 655 2179 st
674 2131 807 2180 heredibus
825 2133 885 2194 suis,
905 2135 1006 2196 quando
1023 2134 1113 2197 uliquis
1132 2135 1285 2182 Bellivorum
1305 2136 1448 2181 nostrorum

394 2192 486 2255 prissm
496 2193 585 2243 iecerit
595 2195 622 2242 in
639 2196 746 2244 castello
763 2197 795 2245 de
813 2198 915 2246 cervisie
924 2200 993 2261 quod
1001 2198 1064 2248 non⁴
1073 2204 1175 2247 tenetur
1184 2199 1274 2247 hebere
1284 2198 1331 2246 nisi
1340 2197 1446 2260 primum

394 2257 484 2306 Bikcm
494 2259 526 2306 de
538 2273 588 2307 uno
599 2260 672 2308 obolo
684 2261 768 2310 minus
779 2277 857 2324 quem
868 2263 927 2311 olibi
938 2264 1040 2312 vendite
1056 2262 1135 2311 fuerit
1146 2264 1286 2312 secundum
1297 2262 1364 2325 quod
1372 2260 1447 2309 sssiss

393 2321 460 2370 iectu
472 2322 550 2371 inerit
561 2340 605 2387 per
619 2326 769 2388 Burgsnsss:
786 2328 815 2383 si,
828 2332 923 2387 sutem,
947 2328 1004 2391 plus
1022 2344 1098 2391 quem
1118 2344 1196 2376 unam
1207 2328 1296 2376 Bilmm
1308 2326 1397 2374 habers
1409 2326 1448 2373 vel

393 2402 480 2449 cupere
496 2389 628 2448 voluerint,
648 2390 838 2440 mercnbunturl
854 2392 964 2455 singulas
981 2397 1008 2441 et
1022 2398 1147 2456 quantum
1166 2391 1289 2455 ceperintl
1305 2392 1371 2439 sicut
1387 2390 1447 2438 olibi

392 2454 1448 2583 utilissimis⁰3lffs⁵⁵ulls⁶⁰tutts⁹tb‘tl-iltutus&

697 2558 703 2581 2

392 2583 477 2631 trehet
496 2599 538 2632 eos
557 2583 584 2633 in
604 2585 728 2634 Plscitum
744 2587 794 2636 nisi
813 2587 882 2649 juste
899 2592 924 2636 et
941 2588 1130 2644 racionabiliter,
1150 2593 1176 2636 et
1198 2587 1251 2636 sine
1268 2585 1444 2635 incaussoione.

393 2647 573 2708 Concessimus,
585 2650 671 2710 edum,
682 2650 742 2710 ipsis
753 2656 780 2699 et
791 2650 925 2700 heredibus
941 2653 1000 2713 suis,
1013 2669 1057 2716 pro
1068 2653 1140 2701 nobis
1157 2656 1184 2701 et
1194 2651 1328 2701 herodibus
1344 2651 1444 2709 uostris,

391 2713 460 2773 quod
477 2713 563 2762 nullus
582 2714 724 2763 Vicecomes
744 2717 784 2764 vel
807 2716 872 2766 clius
900 2718 1011 2766 Ballivus
1030 2722 1115 2766 noster
1137 2723 1206 2765 emat
1228 2717 1267 2765 vel
1288 2716 1377 2778 cupiat,
1400 2730 1445 2777 pro

391 2777 523 2826 voluntate
541 2795 594 2839 sue,
611 2779 712 2842 aliquod
731 2780 758 2829 in
775 2782 947 2842 prenominato
967 2783 1050 2844 Burgo
1070 2783 1117 2832 nisi
1137 2783 1169 2830 de
1188 2783 1253 2829 bons
1271 2781 1400 2829 voluntate
1420 2783 1446 2828 et

391 2847 660 2956 :limatum
676 2845 1372 2972 ccccccccccccccliiii·
1385 2843 1445 2957 {lid

392 2971 521 3020 comitutu
534 2973 565 3021 de
576 2925 770 3036 aliibobervieio
778 2975 819 3024 vel
830 2976 931 3038 tullegio
939 2982 966 3025 et
976 2976 1065 3036 laboro,
1078 2950 1104 3025 ei
1115 2927 1183 3038 cilrod
1192 2991 1242 3024 non
1251 2975 1372 3024 tolluntur
1383 2972 1445 3032 (sic)

391 3051 437 3098 per
451 3052 496 3085 nos
513 3037 553 3085 rel
572 3039 676 3086 heredes
692 3044 798 3100 nostros,
810 3039 858 3088 nisi
874 3041 907 3088 od
922 3046 1022 3104 tempus
1039 3042 1140 3104 quondo
1156 3041 1280 3088 Dominus
1296 3040 1349 3088 Rex
1360 3053 1445 3086 omnes

390 3099 487 3164 Burgos
498 3117 556 3150 suos
568 3117 612 3164 per
623 3103 739 3166 Anglium
751 3103 888 3154 tellinverit
901 3105 970 3165 (sic).
1006 3107 1041 3154 Et
1053 3111 1083 3154 ut
1094 3105 1218 3154 concessio
1230 3105 1275 3153 bec
1284 3109 1331 3153 etc.
1346 3120 1352 3161 3
1372 3099 1436 3152 13l7.

293 3177 518 3260 inuncest0n3
540 3181 587 3246 St.
605 3183 777 3268 Stephon's
793 3185 967 3270 Priory⁸-

294 3281 845 3388 m
895 3315 1119 3380 “ceperit,0liuer.
1299 3383 1305 3394 ι

325 3377 375 3424 end
391 3383 564 3428 mmutensncc
576 3381 602 3427 ol
618 3381 726 3444 bndges,
738 3384 842 3432 exncted
895 3382 904 3414 ἵ
923 3384 983 3432 This
999 3383 1111 3444 Charter,
1124 3383 1174 3432 und
1191 3388 1243 3432 two
1257 3383 1338 3432 which
1354 3381 1444 3441 iollow,

325 3441 391 3490 from
402 3459 505 3505 persons
516 3445 571 3492 who
583 3446 671 3508 possed
683 3447 763 3495 under
773 3447 844 3496 them
933 3449 1033 3511 numely
1044 3449 1088 3496 the
1098 3449 1204 3498 churter
1215 3449 1242 3497 oi
1253 3447 1312 3497 Esrl
1322 3447 1444 3510 Reginnld

324 3508 551 3584 orcrossedthem.
623 3575 629 3586 ¹
927 3515 976 3562 end
994 3513 1038 3589 the
1055 3513 1245 3589 chorte1·(l)oi
1261 3511 1320 3561 Euri
1337 3511 1444 3588 Richurd

291 3569 429 3634 Asiaticae:
446 3588 461 3621 s
477 3573 574 3622 tribute
589 3576 647 3637 perd
659 3576 693 3638 by
705 3577 777 3625 those
787 3577 844 3625 who
928 3593 969 3626 ure
991 3579 1091 3641 printed
1114 3593 1140 3627 rn
1163 3579 1267 3627 Obver’s
1289 3577 1445 3633 Munatium,

323 3636 379 3684 sold
389 3637 456 3686 their
466 3639 543 3701 goods
551 3645 578 3687 st
588 3655 602 3687 s
613 3641 679 3701 stell,
688 3641 714 3690 in
725 3641 843 3702 mulcete,
928 3644 976 3691 but
986 3647 1033 3691 not
1043 3644 1116 3720 quite
1130 3643 1286 3718 uccumtely3
1304 3641 1347 3689 the
1363 3640 1445 3689 differ·

291 3706 409 3828 Ouidium
436 3767 538 3846 [Oliver¹
552 3769 609 3846 hes·
623 3769 791 3848 “suyllngs’ff
803 3788 810 3832 ;
831 3771 843 3820 I
927 3706 1444 3855 'el'lliceebrlsrtecliiliieliibldbloaedffrboglliidg

322 3833 844 3986 iggfflfflffipgfflffi
926 3837 1025 3964 ibici?
1033 3837 1162 3980 pprii'apiiss
1182 3837 1445 3950 &efficiendo

288 3961 670 4117 :driffmbffnbtiieifmdm‘
704 3965 712 4026 l
748 3966 840 4025 Ami
893 3967 1017 4082 ⁸ibiho⁰r
1027 3971 1265 4090 bibiiibmuso
1282 4027 1447 4094 amoenus

287 4151 299 4183 ⁴
315 4091 462 4204 aencbbliillc’
477 4092 623 4206 gibericum
648 4159 711 4220 quod
726 4157 784 4223 nos]
809 4161 842 4210 de
893 4096 1448 4238 Rorgossgsmtpgdsgfflgslsffic-ffimm

318 4219 664 4398 {QieJ-(iudbnucbt
684 4227 842 4340 inimiici
893 4240 1038 4352 cuibaffl,
1050 4291 1107 4340 who
1119 4307 1206 4340 occurs
1216 4288 1325 4342 in1171.

285 4354 806 4480 moises'miidiedff'baiimlffi
892 4355 1167 4484 &iambis
1181 4419 1315 4484 seusu)
