3242 5100
272 549 369 605 som
395 549 731 605 mcor-wasme
757 552 808 604 nn
835 548 1091 606 ascensuum.
1172 529 1243 598 445

227 704 275 756 Nc
293 706 496 756 lita-Brasos
512 706 609 766 Qsma
623 717 656 755 ro
671 717 722 756 rm
739 704 851 768 linio,-

197 770 360 820 Sereaissimo
379 771 489 834 Principi
509 771 617 820 Domino
634 787 688 831 suo,
708 776 755 820 etc
775 771 813 832 (aa
835 769 921 832 before)
940 808 945 818 .
963 807 968 818 .
988 805 994 820 .
1011 806 1016 820 .
1036 769 1102 819 (ium
1121 766 1245 816 Dominus

164 834 292 885 iohannes
307 836 340 885 de
353 836 533 899 Wolringtone,
548 836 677 900 presbiter,
689 836 802 885 vicarius
816 836 848 885 de
862 836 940 898 Otery
954 835 1045 885 Sancta
1062 832 1147 894 illaria,
1162 836 1246 881 nmtre

164 901 282 961 Dioceais,
293 901 326 950 de
336 901 470 950 homicidio
481 906 529 950 eta
548 901 609 959 (atad
623 917 649 951 ao
659 917 692 950 oa
702 908 726 951 to
736 901 775 950 aa
784 901 839 962 aad,
851 901 981 961 verbatim,
992 917 1020 950 aa
1030 899 1116 958 01010).

197 966 210 1015 1
221 981 270 1025 am,
281 966 402 1015 indebted
413 971 440 1015 10
457 967 502 1015 ur.
513 966 619 1029 Baigent
629 966 668 1015 ior
678 982 694 1014 a
710 981 773 1029 copy
783 966 811 1014 oi
827 966 871 1015 the
885 965 1012 1030 following
1023 969 1090 1014 most
1100 961 1248 1024 interesting

166 1029 272 1090 better,l
282 1031 415 1080 addressed
426 1031 461 1095 by
473 1031 565 1094 Bishop
577 1031 662 1090 Quivit
672 1037 699 1080 to
711 1030 779 1080 John
790 1031 823 1081 de
838 1031 975 1090 Bur-thone,
987 1031 1121 1079 Preoentor
1131 1027 1157 1076 oi
1174 1026 1247 1076 Salis·

165 1095 236 1160 bury.
270 1095 297 1144 It
307 1096 422 1145 contains
431 1111 447 1145 a
456 1095 566 1144 detailed
582 1100 688 1145 account
698 1095 725 1145 oi
741 1096 785 1144 the
800 1096 909 1155 murder,
922 1095 972 1144 aad
983 1094 1010 1143 oi
1026 1094 1069 1142 the
1084 1099 1152 1156 steps
1168 1091 1249 1140 which

165 1176 213 1208 our
228 1160 320 1224 Bishcp
336 1161 397 1210 took
411 1161 451 1209 lor
465 1161 510 1209 the
525 1162 690 1222 punishment
700 1160 727 1208 oi
742 1160 787 1209 the
798 1161 920 1209 offenders
939 1161 990 1209 aud
1000 1159 1066 1209 their
1081 1157 1246 1220 accomplicsa

167 1225 192 1273 lt
202 1241 289 1274 occurs
305 1225 332 1274 in
350 1241 366 1274 a
384 1226 491 1275 Volume
512 1225 619 1274 entitled
634 1225 746 1274 Fortassis
762 1225 901 1274 Lites-aram
919 1225 1040 1284 Breoiam,
1058 1223 1246 1285 Obliyacioaam,

166 1293 372 1353 Acqaietanciass,
384 1294 441 1350 etc,
454 1290 496 1339 iol.
509 1292 538 1338 81
552 1291 617 1351 (MS.
633 1291 718 1354 Royal,
731 1292 761 1338 12
774 1291 805 1338 D.
819 1290 878 1350 XI.)
910 1289 963 1338 'Phe
975 1290 1059 1339 Scribe
1072 1305 1120 1338 was
1131 1287 1249 1348 thinking

167 1355 226 1419 only
237 1355 264 1404 oi
280 1355 324 1404 the
339 1355 354 1380 ‘⁴
363 1355 505 1410 normula?
524 1356 574 1404 and
585 1355 630 1404 did
641 1361 686 1404 not
697 1355 756 1404 take
766 1355 811 1404 the
826 1355 925 1404 trouble
943 1360 971 1403 to
983 1355 1039 1418 giso
1053 1354 1098 1402 the
1115 1353 1184 1402 date:
1200 1353 1249 1400 but

166 1420 188 1467 it
198 1425 269 1470 must
279 1420 342 1469 bave
356 1420 419 1470 been
434 1421 536 1469 written
551 1419 617 1481 efter
630 1421 675 1469 the
688 1420 749 1468 idth
760 1420 786 1468 oi
806 1421 872 1482 May,
885 1421 956 1478 1284,
972 1435 1004 1467 on
1021 1417 1103 1468 which
1119 1419 1169 1481 day
1186 1417 1248 1465 Bur·

166 1485 244 1533 thone
255 1501 305 1533 was
321 1485 456 1548 appointed
473 1487 489 1512 “
498 1485 589 1534 custos
600 1483 815 1548 spiritualitatis,”
833 1485 891 1545 and,
903 1484 1032 1548 probably,
1044 1483 1121 1546 before
1131 1483 1176 1530 the
1193 1482 1249 1530 first

167 1550 236 1598 week
247 1550 273 1598 oi
282 1550 390 1613 hugum,
402 1549 474 1599 when
485 1551 525 1599 his
533 1555 599 1599 term
610 1551 637 1598 oi
653 1550 730 1600 08100
740 1547 854 1613 expired²
862 1565 902 1598 :-

198 1614 294 1691 [Litsrs
309 1615 427 1678 petitoria
447 1615 590 1678 aliquorum
611 1614 909 1664 excommunicandorum
925 1619 1029 1678 proptor
1044 1612 1167 1664 delictum
1183 1627 1248 1662 oom-

170 1679 544 1794 mllllliirbrabliiylliicrecionis
559 1744 619 1805 viro,
633 1743 713 1793 amico
728 1761 775 1793 suc
789 1744 927 1804 karissimo,
943 1743 1064 1808 Magistro
1077 1739 1249 1856 Johmnisslde

168 1809 317 1870 Burthonel,
333 1809 477 1859 Pmoenmri
492 1809 519 1859 in
533 1809 644 1859 Ecclesia
652 1809 804 1870 Sarumeusi,
817 1808 973 1874 Custodique
988 1808 1178 1873 Spiritualitatis
1213 1807 1249 1867 pi·

168 1878 283 1937 acopstus
301 1875 477 1935 Sarnrmensis,
495 1874 559 1924 Sede
575 1878 687 1934 vacante,
704 1875 803 1930 Petrus,
817 1874 976 1924 miseracione
993 1874 1084 1924 Divina
1102 1872 1250 1922 Exonisnsis

170 1939 315 2002 Episcopus,
326 1940 434 1988 salutem
450 1944 478 1989 et
492 1940 587 1988 sincere
603 1939 714 1988 mutatis
724 1939 874 1988 continuum
885 1940 1076 2000 incrementum,
1087 1944 1251 2002 paratamque

169 2005 202 2052 ad
221 2004 377 2067 beneplacita
395 2004 652 2054 voluntatem-Non
662 2005 758 2068 absque
774 2005 845 2068 gravi
860 2005 941 2053 cordis
960 2005 1129 2054 amaritudine
1140 2007 1168 2052 et
1181 2002 1249 2052 tristi

169 2069 253 2117 anima
264 2069 334 2117 vobis
345 2069 475 2118 referimus
486 2085 530 2132 per
541 2070 679 2130 Presemes,
689 2069 757 2132 quod
768 2084 835 2130 cum,
846 2069 976 2119 celebratis
988 2071 1098 2133 quadam
1107 2073 1187 2128 nocte,
1199 2083 1249 2116 non

171 2135 423 2197 lougotemporejam
432 2134 594 2191 transactam
602 2134 710 2183 ltcclesia
716 2139 803 2183 nostra
809 2134 1023 2191 Exoniensimore
1030 2135 1104 2184 solito
1111 2133 1251 2192 Matutinis,

170 2199 292 2247 discretus
301 2199 346 2258 vir,
354 2199 607 2262 MagistaerWalterus
615 2199 647 2247 de
655 2199 798 2259 lechelade,
807 2199 942 2248 Precentor
950 2199 975 2248 in
986 2199 1095 2248 Ecclesia
1103 2204 1189 2248 nostra
1196 2214 1249 2262 pre·

171 2264 246 2323 dicta,
258 2264 356 2317 obinde.
368 2280 427 2312 cum
441 2264 537 2313 modica
552 2264 654 2324 iamdiu,
669 2264 718 2313 sub
736 2265 892 2328 protensione
903 2264 951 2314 Dei
959 2269 986 2314 et
994 2265 1111 2323 Ecclesia,
1122 2265 1149 2313 in
1161 2263 1250 2312 habitu

171 2328 313 2387 canonicali,
325 2329 357 2377 ad
370 2329 459 2377 Larem
473 2329 599 2392 propriam
613 2329 750 2391 repedaret,
762 2344 825 2388 ecoe,
837 2329 905 2378 siem
919 2344 963 2378 voa
980 2345 1061 2392 usque
1077 2329 1123 2379 hec
1138 2334 1252 2392 tempora

171 2393 248 2442 latera
267 2408 319 2441 non
337 2393 470 2454 credimus,
489 2394 593 2457 quidam
612 2394 759 2458 perdicionis
776 2393 829 2454 filii,
849 2393 971 2443 diabolica
990 2395 1090 2443 feritate
1110 2393 1205 2456 repleti,
1218 2393 1249 2442 ad

171 2473 280 2520 quorum
290 2457 452 2519 iniquitatem
468 2459 629 2521 puniendam,
646 2458 668 2507 si
683 2458 749 2519 ignis
765 2459 882 2507 missuse
899 2459 958 2508 Celo
975 2475 1017 2508 eos
1034 2464 1199 2518 consumeret,
1212 2459 1251 2507 vel

172 2528 239 2572 terra
255 2523 387 2587 insurgens
402 2539 461 2573 cum
483 2523 572 2573 ceteris
589 2523 719 2573 elementis
741 2524 826 2573 subito
846 2524 989 2588 deglutiret,
1007 2524 1047 2573 vix
1066 2525 1142 2587 digno
1157 2524 1253 2589 judicio

172 2590 329 2651 punirentur,
347 2593 447 2651 captata
462 2590 494 2637 sd
511 2589 564 2649 hoc,
581 2605 651 2637 more
667 2605 780 2651 perverse
796 2590 935 2653 agencium.
953 2590 1014 2639 hora
1029 2591 1254 2640 tenebrarum-ut

173 2654 389 2715 promittitur—et
407 2670 457 2703 non
473 2655 544 2714 lucis,
556 2670 588 2703 ne
604 2655 699 2703 mundo
716 2660 814 2717 pateret
828 2670 915 2703 eorum
932 2655 1035 2715 malicia,
1052 2656 1078 2704 in
1093 2656 1177 2718 ipsum
1195 2670 1253 2704 cum

172 2719 268 2778 gladiis,
279 2718 398 2778 fustibus,
410 2724 437 2767 et
452 2719 588 2777 securibus,
605 2735 634 2768 ac
650 2719 704 2768 aliis
718 2719 823 2768 diversis
839 2734 966 2769 armorum
982 2720 1113 2784 generibus
1130 2720 1254 2769 hostiliter

173 2784 305 2843 irruentes,
322 2784 430 2832 eundem
452 2784 630 2843 inhumaniter,
654 2800 699 2832 nee
722 2784 781 2832 Loci
805 2784 837 2832 de
858 2800 909 2847 quo
931 2792 1034 2834 venerat
1056 2785 1191 2842 sanctitati,
1213 2784 1253 2833 vel

175 2864 277 2909 persone
293 2864 338 2896 sue
354 2848 501 2907 reverencie,
517 2855 562 2897 aut
578 2848 724 2897 sacerdotali
738 2849 857 2911 dignitati
873 2865 924 2913 qua
939 2850 1057 2913 pollebat,
1074 2866 1131 2913 que,
1143 2850 1253 2913 quidem,

174 2914 263 2961 merito
285 2928 327 2961 eos
346 2914 525 2976 compescuisse
546 2914 686 2961 debuerant
706 2928 722 2962 a
743 2914 822 2962 tantis
843 2914 939 2963 insania
957 2915 1091 2976 01101010,
1114 2915 1256 2979 aliqualiter

173 2978 322 3037 deferentes,
338 2978 468 3027 ferocitate
488 2978 620 3040 tyrannica
641 2978 693 3027 vite
715 2978 838 3041 presentis
859 2979 933 3027 exilio
955 2979 1117 3043 deputarunt
1164 2980 1255 3043 Sicque

174 3043 224 3091 huc
240 3043 300 3091 illuc
320 3042 445 3105 impulsus
466 3048 506 3091 est
522 3043 548 3091 in
564 3043 628 3102 luto,
645 3043 729 3101 donec,
747 3058 822 3092 mane
842 3044 917 3104 iacto,
935 3049 988 3094 tam
1007 3046 1130 3093 horrenda
1152 3046 1255 3107 pertidia

108 3321 116 3352 ¹
135 3321 202 3380 And,
221 3320 328 3381 elacior
342 3320 376 3369 all
391 3320 436 3369 the
458 3322 576 3370 Extrema
592 3322 658 3371 imm

141 3386 186 3435 the
198 3385 273 3446 Ralla,
285 3386 336 3434 and
346 3385 433 3449 nearly
443 3386 477 3435 all
488 3386 532 3435 the
541 3387 658 3436 Extracts

140 3452 207 3499 from
216 3450 430 3514 Apreckham's
436 3452 659 3515 Register,printed

142 3517 169 3564 in
180 3515 233 3564 this
241 3515 355 3565 Volume

107 3580 118 3612 ¹
135 3581 231 3629 Walter
250 3579 373 3631 Scammel
387 3580 499 3630 received
517 3581 562 3630 the
581 3581 660 3645 Royul

141 3646 235 3694 Assent
246 3650 273 3694 10
291 3644 330 3694 his
345 3645 458 3694 Election
474 3661 502 3695 as
517 3645 616 3710 Bishop,
628 3649 660 3695 12

142 3710 159 3760 J
161 3711 212 3774 uly,
223 3710 274 3759 and
285 3710 330 3759 the
343 3710 531 3773 Temporalities
543 3713 574 3761 10
586 3714 660 3773 Aug,

142 3774 304 3825 msa-me
330 3790 399 3824 same
419 3775 527 3825 Volume
548 3776 661 3825 contains

142 3841 196 3901 (iol.
218 3835 283 3902 tib),
303 3855 318 3888 a
340 3840 428 3890 better
448 3839 514 3889 irem
536 3838 606 3889 John
627 3840 660 3890 de

141 3904 411 3968 BurthonetoBishop
420 3904 660 3969 Quivil,permitting

142 3970 196 4018 him
204 3975 231 4019 10
239 3969 497 4020 cousecratehltarsin
506 3970 550 4019 the
559 3969 661 4019 Diocese

142 4036 170 4083 oi
185 4034 267 4084 Salisb
326 4034 403 4094 ;also
419 4034 472 4097 (iol.
485 4036 535 4096 86),
548 4052 565 4083 a
576 4036 662 4084 letter

143 4098 290 4162 requesting
319 4098 354 4148 'm
369 4104 398 4148 to
413 4099 480 4149 blesa
494 4116 526 4149 an
539 4101 624 4149 hbbot
635 4101 661 4149 in

142 4166 202 4215 that
229 4163 488 4227 Diocese,-“0um
509 4180 556 4213 nos
582 4180 663 4229 nuper

143 4230 301 4278 Eleccionem
322 4230 354 4278 de
376 4230 464 4279 Fratre
490 4228 607 4292 Philippo
631 4230 663 4279 de

143 4294 318 4353 schireburne,
332 4294 470 4344 Camerario
481 4294 589 4344 Emissis
598 4295 662 4346 (ion-

143 4359 270 4408 ventualis
289 4360 321 4407 de
338 4359 545 4421 A[bbatesberie],
564 4360 592 4408 in
611 4360 662 4408 Ab·

144 4424 230 4473 batem
244 4424 359 4491 ejusdem
377 4424 486 4476 Rectene
505 4426 601 4490 illecto,
621 4440 663 4475 ex·

740 3320 940 3380 aminaverimus,
951 3337 980 3371 ao
991 3321 1096 3371 eandem
1111 3323 1261 3373 auctoritate

741 3386 968 3435 nobiacommiasa.
983 3424 988 3435 .
1003 3424 1008 3436 .
1021 3387 1257 3449 confirmaverimus,

742 3452 970 3500 vestret'enerande
977 3452 1127 3502 Patemitati
1136 3454 1261 3503 sttsncius

741 3516 911 3579 supplicamus
933 3522 959 3565 et
981 3518 1071 3566 devote
1093 3519 1160 3581 quod
1180 3519 1261 3567 eidem

743 3581 824 3629 Fratri
837 3596 929 3629 munus
938 3582 1129 3643 Benediccionis,
1138 3584 1170 3631 de
1179 3589 1261 3632 vestra

742 3646 823 3707 gracia
838 3646 944 3708 speciali,
955 3646 1099 3710 impendere
1116 3648 1260 3711 dignemini,

743 3712 811 3773 quod
833 3726 909 3772 super
930 3712 978 3760 hiis
1005 3729 1036 3760 ex
1064 3714 1150 3762 Officio
1179 3721 1261 3762 vestro

743 3775 890 3838 hujusmodi
901 3777 1001 3839 negocio
1012 3777 1137 3827 incumbit
1153 3779 1260 3841 benigno

742 3840 834 3900 iavore,
846 3840 866 3889 si
877 3841 980 3903 placeat,
990 3842 1179 3905 adimplentes¹'
1207 3845 1261 3893 The

742 3905 929 3968 Kinggavehis
936 3908 1261 3969 consenttothishllection,

744 3970 775 4021 27
793 3969 859 4032 lllay,
876 3972 938 4022 1284
953 3988 958 4020 :
975 3988 1002 4020 so
1018 3972 1069 4021 this
1085 3972 1172 4021 Letter
1190 3980 1261 4023 must

744 4034 808 4083 have
818 4034 881 4085 been
892 4036 1000 4097 written,
1008 4037 1137 4100 probably,
1147 4038 1173 4086 in
1185 4038 1201 4088 J
1203 4055 1260 4090 une.

744 4099 825 4149 'I'here
844 4098 866 4149 is
887 4101 992 4149 another
1013 4102 1099 4151 Letter
1120 4102 1172 4163 (iol.
1198 4102 1261 4166 86¹³),

744 4165 811 4213 from
823 4164 953 4214 Burthone
962 4172 988 4214 to
999 4166 1088 4230 itishcp
1105 4168 1195 4227 Quivit,
1208 4186 1261 4232 per·

745 4229 850 4293 mitting
866 4230 919 4279 him
935 4236 962 4279 to
980 4232 1040 4280 hold
1060 4232 1221 4282 Ordinations
1236 4236 1263 4283 in

745 4294 790 4343 the
808 4294 912 4344 Diocese
928 4296 954 4344 oi
969 4296 1097 4360 salisburg
1112 4300 1171 4347 on3
1187 4300 1262 4357 June,

746 4360 797 4409 and
814 4360 846 4422 (ii
860 4360 900 4409 hia
914 4361 1044 4425 authority
1059 4363 1151 4413 should
1162 4362 1193 4413 be
1208 4364 1261 4414 still

746 4424 774 4476 ia
784 4425 861 4487 force)
873 4440 906 4477 on
917 4428 949 4477 28
964 4426 1042 4493 Sept,
1054 4428 1125 4482 1284.
