<?xml version="1.0" encoding="UTF-8"?>
<!DOCTYPE html PUBLIC "-//W3C//DTD XHTML 1.0 Transitional//EN"
    "http://www.w3.org/TR/xhtml1/DTD/xhtml1-transitional.dtd">
<html xmlns="http://www.w3.org/1999/xhtml" xml:lang="en" lang="en">
 <head>
  <title>
</title>
<meta http-equiv="Content-Type" content="text/html;charset=utf-8" />
  <meta name='ocr-system' content='tesseract 3.04.00' />
  <meta name='ocr-capabilities' content='ocr_page ocr_carea ocr_par ocr_line ocrx_word'/>
</head>
<body>
  <div class='ocr_page' id='page_1' title='image "./registerswalter01hinggoog_0255.png"; bbox 0 0 3242 5100; ppageno 0'>
   <div class='ocr_carea' id='block_1_1' title="bbox 569 510 1321 597">
    <p class='ocr_par' dir='ltr' id='par_1_1' title="bbox 569 510 1321 597">
     <span class='ocr_line' id='line_1_1' title="bbox 569 510 1321 597; baseline -0.008 -9"><span class='ocrx_word' id='word_1_1' title='bbox 569 532 753 597; x_wconf 74' lang='lat' dir='ltr'><strong>curense</strong></span> <span class='ocrx_word' id='word_1_2' title='bbox 776 534 913 593; x_wconf 70' lang='lat' dir='ltr'><strong>monn</strong></span> <span class='ocrx_word' id='word_1_3' title='bbox 1246 510 1321 585; x_wconf 80' lang='lat'><strong>225</strong></span> 
     </span>
    </p>
   </div>
   <div class='ocr_carea' id='block_1_2' title="bbox 165 682 708 773">
    <p class='ocr_par' dir='ltr' id='par_1_2' title="bbox 165 682 708 773">
     <span class='ocr_line' id='line_1_2' title="bbox 165 682 708 773; baseline 0.017 -27"><span class='ocrx_word' id='word_1_4' title='bbox 165 682 345 771; x_wconf 80' lang='lat' dir='ltr'><strong>Plympton</strong></span> <span class='ocrx_word' id='word_1_5' title='bbox 360 684 708 773; x_wconf 82' lang='lat' dir='ltr'><strong>Priory-continued.</strong></span> 
     </span>
    </p>
   </div>
   <div class='ocr_carea' id='block_1_3' title="bbox 144 788 1315 2995">
    <p class='ocr_par' dir='ltr' id='par_1_3' title="bbox 144 788 1315 2995">
     <span class='ocr_line' id='line_1_3' title="bbox 259 788 1315 856; baseline 0.001 -18"><span class='ocrx_word' id='word_1_6' title='bbox 259 788 334 852; x_wconf 79' lang='lat' dir='ltr'><strong>juxta</strong></span> <span class='ocrx_word' id='word_1_7' title='bbox 345 790 404 840; x_wconf 84' lang='lat' dir='ltr'><strong>loci</strong></span> <span class='ocrx_word' id='word_1_8' title='bbox 415 791 586 842; x_wconf 85' lang='lat' dir='ltr'><strong>condicionem</strong></span> <span class='ocrx_word' id='word_1_9' title='bbox 597 796 624 842; x_wconf 87' lang='lat' dir='ltr'><strong>et</strong></span> <span class='ocrx_word' id='word_1_10' title='bbox 640 792 849 842; x_wconf 88' lang='lat' dir='ltr'><strong>consuetudinem</strong></span> <span class='ocrx_word' id='word_1_11' title='bbox 865 806 894 841; x_wconf 89' lang='lat' dir='ltr'><strong>se</strong></span> <span class='ocrx_word' id='word_1_12' title='bbox 909 790 973 856; x_wconf 82' lang='lat' dir='ltr'><strong>juris</strong></span> <span class='ocrx_word' id='word_1_13' title='bbox 992 789 1147 855; x_wconf 74' lang='lat' dir='ltr'><strong>esigenoisrn</strong></span> <span class='ocrx_word' id='word_1_14' title='bbox 1162 790 1216 841; x_wconf 91' lang='lat' dir='ltr'><strong>Deo</strong></span> <span class='ocrx_word' id='word_1_15' title='bbox 1232 788 1315 840; x_wconf 82' lang='lat' dir='ltr'><strong>valeat</strong></span> 
     </span>
     <span class='ocr_line' id='line_1_4' title="bbox 260 854 1314 921; baseline 0.003 -19"><span class='ocrx_word' id='word_1_16' title='bbox 260 854 390 914; x_wconf 85' lang='lat' dir='ltr'><strong>deservire,</strong></span> <span class='ocrx_word' id='word_1_17' title='bbox 410 862 437 906; x_wconf 90' lang='lat' dir='ltr'><strong>et</strong></span> <span class='ocrx_word' id='word_1_18' title='bbox 458 857 543 905; x_wconf 85' lang='lat' dir='ltr'><strong>cultus</strong></span> <span class='ocrx_word' id='word_1_19' title='bbox 563 857 670 907; x_wconf 86' lang='lat' dir='ltr'><strong>Divinus</strong></span> <span class='ocrx_word' id='word_1_20' title='bbox 689 857 774 921; x_wconf 80' lang='lat' dir='ltr'><strong>augeri</strong></span> <span class='ocrx_word' id='word_1_21' title='bbox 796 858 888 906; x_wconf 90' lang='lat' dir='ltr'><strong>debeat</strong></span> <span class='ocrx_word' id='word_1_22' title='bbox 909 872 960 906; x_wconf 91' lang='lat' dir='ltr'><strong>non</strong></span> <span class='ocrx_word' id='word_1_23' title='bbox 981 856 1096 917; x_wconf 88' lang='lat' dir='ltr'><strong>diminui,</strong></span> <span class='ocrx_word' id='word_1_24' title='bbox 1118 856 1314 920; x_wconf 70' lang='lat' dir='ltr'><strong>pronunciamus</strong></span> 
     </span>
     <span class='ocr_line' id='line_1_5' title="bbox 144 919 1312 987; baseline 0.002 -20"><span class='ocrx_word' id='word_1_25' title='bbox 144 968 159 987; x_wconf 85' lang='lat'><strong>.</strong></span> <span class='ocrx_word' id='word_1_26' title='bbox 259 919 353 969; x_wconf 64' lang='lat' dir='ltr'><strong>dicum</strong></span> <span class='ocrx_word' id='word_1_27' title='bbox 375 922 510 971; x_wconf 79' lang='lat' dir='ltr'><strong>Ecclesium</strong></span> <span class='ocrx_word' id='word_1_28' title='bbox 529 922 641 985; x_wconf 83' lang='lat' dir='ltr'><strong>legitimo</strong></span> <span class='ocrx_word' id='word_1_29' title='bbox 663 922 829 985; x_wconf 79' lang='lat' dir='ltr'><strong>gubernatore</strong></span> <span class='ocrx_word' id='word_1_30' title='bbox 847 922 1005 981; x_wconf 80' lang='lat' dir='ltr'><strong>destitutsm,</strong></span> <span class='ocrx_word' id='word_1_31' title='bbox 1023 925 1050 970; x_wconf 91' lang='lat' dir='ltr'><strong>et</strong></span> <span class='ocrx_word' id='word_1_32' title='bbox 1066 922 1098 971; x_wconf 89' lang='lat' dir='ltr'><strong>ed</strong></span> <span class='ocrx_word' id='word_1_33' title='bbox 1122 920 1312 970; x_wconf 87' lang='lat' dir='ltr'><strong>Ordinsoionem</strong></span> 
     </span>
     <span class='ocr_line' id='line_1_6' title="bbox 259 984 1312 1049; baseline 0.002 -17"><span class='ocrx_word' id='word_1_34' title='bbox 259 999 303 1032; x_wconf 91' lang='lat' dir='ltr'><strong>seu</strong></span> <span class='ocrx_word' id='word_1_35' title='bbox 316 984 481 1035; x_wconf 77' lang='lat' dir='ltr'><strong>collacionem</strong></span> <span class='ocrx_word' id='word_1_36' title='bbox 492 992 604 1037; x_wconf 87' lang='lat' dir='ltr'><strong>nostram</strong></span> <span class='ocrx_word' id='word_1_37' title='bbox 615 1003 668 1037; x_wconf 88' lang='lat' dir='ltr'><strong>esse</strong></span> <span class='ocrx_word' id='word_1_38' title='bbox 679 987 832 1049; x_wconf 80' lang='lat' dir='ltr'><strong>devolutum,</strong></span> <span class='ocrx_word' id='word_1_39' title='bbox 843 1002 873 1036; x_wconf 90' lang='lat' dir='ltr'><strong>so</strong></span> <span class='ocrx_word' id='word_1_40' title='bbox 883 1002 940 1036; x_wconf 82' lang='lat' dir='ltr'><strong>esni</strong></span> <span class='ocrx_word' id='word_1_41' title='bbox 951 986 1110 1037; x_wconf 87' lang='lat' dir='ltr'><strong>Ordinscioni</strong></span> <span class='ocrx_word' id='word_1_42' title='bbox 1120 1002 1165 1037; x_wconf 90' lang='lat' dir='ltr'><strong>seu</strong></span> <span class='ocrx_word' id='word_1_43' title='bbox 1177 985 1312 1037; x_wconf 79' lang='lat' dir='ltr'><strong>Collaoioni</strong></span> 
     </span>
     <span class='ocr_line' id='line_1_7' title="bbox 261 1054 518 1100; baseline 0.012 -3"><span class='ocrx_word' id='word_1_44' title='bbox 261 1054 346 1097; x_wconf 90' lang='lat' dir='ltr'><strong>nostre</strong></span> <span class='ocrx_word' id='word_1_45' title='bbox 357 1066 518 1100; x_wconf 81' lang='lat' dir='ltr'><strong>reservemus</strong></span> 
     </span>
     <span class='ocr_line' id='line_1_8' title="bbox 227 1112 1311 1179; baseline 0.002 -17"><span class='ocrx_word' id='word_1_46' title='bbox 227 1112 358 1173; x_wconf 76' lang='lat' dir='ltr'><strong>Quantum</strong></span> <span class='ocrx_word' id='word_1_47' title='bbox 369 1116 401 1164; x_wconf 85' lang='lat' dir='ltr'><strong>sd</strong></span> <span class='ocrx_word' id='word_1_48' title='bbox 411 1116 546 1165; x_wconf 71' lang='lat' dir='ltr'><strong>Ecclesium</strong></span> <span class='ocrx_word' id='word_1_49' title='bbox 557 1117 588 1165; x_wconf 94' lang='lat' dir='ltr'><strong>de</strong></span> <span class='ocrx_word' id='word_1_50' title='bbox 603 1117 670 1165; x_wconf 87' lang='lat' dir='ltr'><strong>Dene</strong></span> <span class='ocrx_word' id='word_1_51' title='bbox 681 1133 688 1176; x_wconf 81' lang='lat'>3</span> <span class='ocrx_word' id='word_1_52' title='bbox 705 1116 764 1165; x_wconf 89' lang='lat' dir='ltr'><strong>lieet</strong></span> <span class='ocrx_word' id='word_1_53' title='bbox 775 1116 847 1166; x_wconf 80' lang='lat' dir='ltr'>Prior</span> <span class='ocrx_word' id='word_1_54' title='bbox 856 1121 883 1165; x_wconf 90' lang='lat' dir='ltr'><strong>et</strong></span> <span class='ocrx_word' id='word_1_55' title='bbox 894 1116 1041 1166; x_wconf 81' lang='lat' dir='ltr'><strong>Conventus</strong></span> <span class='ocrx_word' id='word_1_56' title='bbox 1051 1115 1218 1179; x_wconf 84' lang='lat' dir='ltr'><strong>Plymptonie,</strong></span> <span class='ocrx_word' id='word_1_57' title='bbox 1230 1131 1311 1179; x_wconf 91' lang='lat' dir='ltr'><strong>nuper</strong></span> 
     </span>
     <span class='ocr_line' id='line_1_9' title="bbox 260 1179 1310 1245; baseline 0.002 -18"><span class='ocrx_word' id='word_1_58' title='bbox 260 1179 396 1241; x_wconf 88' lang='lat' dir='ltr'><strong>requisitus</strong></span> <span class='ocrx_word' id='word_1_59' title='bbox 407 1180 469 1239; x_wconf 77' lang='lat' dir='ltr'><strong>(sic)</strong></span> <span class='ocrx_word' id='word_1_60' title='bbox 487 1197 563 1243; x_wconf 90' lang='lat' dir='ltr'><strong>super</strong></span> <span class='ocrx_word' id='word_1_61' title='bbox 577 1186 631 1229; x_wconf 90' lang='lat' dir='ltr'><strong>toto</strong></span> <span class='ocrx_word' id='word_1_62' title='bbox 648 1180 705 1244; x_wconf 80' lang='lat' dir='ltr'><strong>jure</strong></span> <span class='ocrx_word' id='word_1_63' title='bbox 723 1186 750 1231; x_wconf 89' lang='lat' dir='ltr'><strong>et</strong></span> <span class='ocrx_word' id='word_1_64' title='bbox 770 1181 923 1245; x_wconf 65' lang='lat' dir='ltr'>possessione</span> <span class='ocrx_word' id='word_1_65' title='bbox 941 1182 1010 1245; x_wconf 88' lang='lat' dir='ltr'><strong>quod</strong></span> <span class='ocrx_word' id='word_1_66' title='bbox 1028 1181 1118 1230; x_wconf 87' lang='lat' dir='ltr'><strong>dieunt</strong></span> <span class='ocrx_word' id='word_1_67' title='bbox 1131 1197 1158 1229; x_wconf 93' lang='lat' dir='ltr'><strong>se</strong></span> <span class='ocrx_word' id='word_1_68' title='bbox 1177 1181 1268 1229; x_wconf 87' lang='lat' dir='ltr'><strong>habere</strong></span> <span class='ocrx_word' id='word_1_69' title='bbox 1281 1180 1310 1229; x_wconf 90' lang='lat' dir='ltr'><strong>in</strong></span> 
     </span>
     <span class='ocr_line' id='line_1_10' title="bbox 259 1243 1310 1309; baseline 0.002 -17"><span class='ocrx_word' id='word_1_70' title='bbox 259 1243 327 1293; x_wconf 82' lang='lat' dir='ltr'><strong>dicte</strong></span> <span class='ocrx_word' id='word_1_71' title='bbox 346 1245 462 1306; x_wconf 79' lang='lat' dir='ltr'><strong>Ecclesia,</strong></span> <span class='ocrx_word' id='word_1_72' title='bbox 480 1246 666 1309; x_wconf 69' lang='lat' dir='ltr'><strong>respondissent</strong></span> <span class='ocrx_word' id='word_1_73' title='bbox 680 1262 706 1295; x_wconf 89' lang='lat' dir='ltr'><strong>ee</strong></span> <span class='ocrx_word' id='word_1_74' title='bbox 720 1248 871 1309; x_wconf 77' lang='lat' dir='ltr'><strong>possideres</strong></span> <span class='ocrx_word' id='word_1_75' title='bbox 885 1246 996 1309; x_wconf 81' lang='lat' dir='ltr'><strong>quodem</strong></span> <span class='ocrx_word' id='word_1_76' title='bbox 1011 1246 1106 1307; x_wconf 89' lang='lat' dir='ltr'><strong>ltalioo,</strong></span> <span class='ocrx_word' id='word_1_77' title='bbox 1119 1245 1221 1295; x_wconf 92' lang='lat' dir='ltr'><strong>nomine</strong></span> <span class='ocrx_word' id='word_1_78' title='bbox 1238 1245 1310 1295; x_wconf 85' lang='lat' dir='ltr'><strong>firme</strong></span> 
     </span>
     <span class='ocr_line' id='line_1_11' title="bbox 258 1310 1310 1375; baseline 0 -17"><span class='ocrx_word' id='word_1_79' title='bbox 258 1323 304 1371; x_wconf 86' lang='lat' dir='ltr'><strong>pro</strong></span> <span class='ocrx_word' id='word_1_80' title='bbox 323 1310 432 1371; x_wconf 85' lang='lat' dir='ltr'><strong>quodem</strong></span> <span class='ocrx_word' id='word_1_81' title='bbox 454 1326 530 1359; x_wconf 84' lang='lat' dir='ltr'><strong>censu</strong></span> <span class='ocrx_word' id='word_1_82' title='bbox 553 1326 643 1372; x_wconf 88' lang='lat' dir='ltr'><strong>annuo,</strong></span> <span class='ocrx_word' id='word_1_83' title='bbox 663 1312 708 1373; x_wconf 90' lang='lat' dir='ltr'><strong>qui</strong></span> <span class='ocrx_word' id='word_1_84' title='bbox 722 1312 754 1360; x_wconf 89' lang='lat' dir='ltr'><strong>ad</strong></span> <span class='ocrx_word' id='word_1_85' title='bbox 772 1326 859 1360; x_wconf 89' lang='lat' dir='ltr'><strong>eorum</strong></span> <span class='ocrx_word' id='word_1_86' title='bbox 874 1311 1086 1375; x_wconf 88' lang='lat' dir='ltr'><strong>presenteeionem</strong></span> <span class='ocrx_word' id='word_1_87' title='bbox 1104 1326 1120 1359; x_wconf 88' lang='lat' dir='ltr'><strong>s</strong></span> <span class='ocrx_word' id='word_1_88' title='bbox 1135 1311 1310 1360; x_wconf 84' lang='lat' dir='ltr'><strong>Predeoessore</strong></span> 
     </span>
     <span class='ocr_line' id='line_1_12' title="bbox 258 1374 1309 1435; baseline 0.004 -14"><span class='ocrx_word' id='word_1_89' title='bbox 258 1377 344 1422; x_wconf 82' lang='lat' dir='ltr'><strong>nostro</strong></span> <span class='ocrx_word' id='word_1_90' title='bbox 364 1376 454 1424; x_wconf 87' lang='lat' dir='ltr'><strong>Reotor</strong></span> <span class='ocrx_word' id='word_1_91' title='bbox 473 1374 556 1424; x_wconf 77' lang='lat' dir='ltr'><strong>hierst</strong></span> <span class='ocrx_word' id='word_1_92' title='bbox 572 1376 709 1425; x_wconf 85' lang='lat' dir='ltr'><strong>institutus</strong></span> <span class='ocrx_word' id='word_1_93' title='bbox 727 1376 754 1425; x_wconf 93' lang='lat' dir='ltr'><strong>in</strong></span> <span class='ocrx_word' id='word_1_94' title='bbox 768 1378 873 1435; x_wconf 71' lang='lat' dir='ltr'><strong>eedem,</strong></span> <span class='ocrx_word' id='word_1_95' title='bbox 890 1376 965 1425; x_wconf 92' lang='lat' dir='ltr'><strong>modo</strong></span> <span class='ocrx_word' id='word_1_96' title='bbox 984 1381 1070 1425; x_wconf 61' lang='lat' dir='ltr'><strong>nmen</strong></span> <span class='ocrx_word' id='word_1_97' title='bbox 1086 1380 1202 1425; x_wconf 86' lang='lat' dir='ltr'><strong>asserunt</strong></span> <span class='ocrx_word' id='word_1_98' title='bbox 1215 1376 1309 1425; x_wconf 80' lang='lat' dir='ltr'><strong>dictem</strong></span> 
     </span>
     <span class='ocr_line' id='line_1_13' title="bbox 260 1438 1311 1504; baseline 0.004 -19"><span class='ocrx_word' id='word_1_99' title='bbox 260 1438 395 1487; x_wconf 83' lang='lat' dir='ltr'><strong>Ecclesiam</strong></span> <span class='ocrx_word' id='word_1_100' title='bbox 414 1440 441 1488; x_wconf 91' lang='lat' dir='ltr'><strong>in</strong></span> <span class='ocrx_word' id='word_1_101' title='bbox 456 1440 568 1503; x_wconf 86' lang='lat' dir='ltr'><strong>proprios</strong></span> <span class='ocrx_word' id='word_1_102' title='bbox 589 1456 650 1489; x_wconf 89' lang='lat' dir='ltr'><strong>usus</strong></span> <span class='ocrx_word' id='word_1_103' title='bbox 672 1456 730 1489; x_wconf 89' lang='lat' dir='ltr'><strong>suos</strong></span> <span class='ocrx_word' id='word_1_104' title='bbox 746 1456 799 1489; x_wconf 87' lang='lat' dir='ltr'><strong>esse</strong></span> <span class='ocrx_word' id='word_1_105' title='bbox 821 1456 972 1499; x_wconf 79' lang='lat' dir='ltr'><strong>convemsm,</strong></span> <span class='ocrx_word' id='word_1_106' title='bbox 991 1441 1137 1489; x_wconf 73' lang='lat' dir='ltr'><strong>exhibentes</strong></span> <span class='ocrx_word' id='word_1_107' title='bbox 1159 1442 1242 1504; x_wconf 92' lang='lat' dir='ltr'><strong>quosd</strong></span> <span class='ocrx_word' id='word_1_108' title='bbox 1264 1440 1311 1489; x_wconf 92' lang='lat' dir='ltr'><strong>hoc</strong></span> 
     </span>
     <span class='ocr_line' id='line_1_14' title="bbox 258 1502 1309 1569; baseline 0.002 -18"><span class='ocrx_word' id='word_1_109' title='bbox 258 1502 419 1565; x_wconf 75' lang='lat' dir='ltr'><strong>Privilegium</strong></span> <span class='ocrx_word' id='word_1_110' title='bbox 429 1504 508 1553; x_wconf 85' lang='lat' dir='ltr'><strong>felicis</strong></span> <span class='ocrx_word' id='word_1_111' title='bbox 519 1505 697 1555; x_wconf 72' lang='lat' dir='ltr'><strong>recordacionis</strong></span> <span class='ocrx_word' id='word_1_112' title='bbox 708 1506 810 1553; x_wconf 88' lang='lat' dir='ltr'><strong>Domini</strong></span> <span class='ocrx_word' id='word_1_113' title='bbox 821 1506 958 1555; x_wconf 79' lang='lat' dir='ltr'><strong>Alexandri</strong></span> <span class='ocrx_word' id='word_1_114' title='bbox 969 1505 1035 1567; x_wconf 87' lang='lat' dir='ltr'><strong>Pape</strong></span> <span class='ocrx_word' id='word_1_115' title='bbox 1047 1504 1143 1565; x_wconf 81' lang='lat' dir='ltr'><strong>Quarti,</strong></span> <span class='ocrx_word' id='word_1_116' title='bbox 1155 1506 1188 1553; x_wconf 89' lang='lat' dir='ltr'><strong>de</strong></span> <span class='ocrx_word' id='word_1_117' title='bbox 1198 1506 1309 1569; x_wconf 89' lang='lat' dir='ltr'><strong>quodem</strong></span> 
     </span>
     <span class='ocr_line' id='line_1_15' title="bbox 258 1567 1311 1633; baseline 0.005 -19"><span class='ocrx_word' id='word_1_118' title='bbox 258 1567 307 1615; x_wconf 82' lang='lat' dir='ltr'><strong>elio</strong></span> <span class='ocrx_word' id='word_1_119' title='bbox 325 1567 456 1631; x_wconf 82' lang='lat' dir='ltr'><strong>Privileglo</strong></span> <span class='ocrx_word' id='word_1_120' title='bbox 474 1570 594 1619; x_wconf 72' lang='lat' dir='ltr'><strong>celestini</strong></span> <span class='ocrx_word' id='word_1_121' title='bbox 608 1570 700 1619; x_wconf 76' lang='lat' dir='ltr'><strong>inciens</strong></span> <span class='ocrx_word' id='word_1_122' title='bbox 715 1570 878 1630; x_wconf 76' lang='lat' dir='ltr'><strong>mensionem,</strong></span> <span class='ocrx_word' id='word_1_123' title='bbox 895 1584 1004 1632; x_wconf 86' lang='lat' dir='ltr'><strong>quornm</strong></span> <span class='ocrx_word' id='word_1_124' title='bbox 1021 1574 1139 1633; x_wconf 78' lang='lat' dir='ltr'><strong>pretextu</strong></span> <span class='ocrx_word' id='word_1_125' title='bbox 1153 1570 1181 1618; x_wconf 91' lang='lat' dir='ltr'><strong>in</strong></span> <span class='ocrx_word' id='word_1_126' title='bbox 1198 1571 1311 1633; x_wconf 88' lang='lat' dir='ltr'><strong>predicta</strong></span> 
     </span>
     <span class='ocr_line' id='line_1_16' title="bbox 260 1632 1312 1699; baseline 0.002 -18"><span class='ocrx_word' id='word_1_127' title='bbox 260 1632 376 1693; x_wconf 83' lang='lat' dir='ltr'><strong>Ecclesia,</strong></span> <span class='ocrx_word' id='word_1_128' title='bbox 386 1649 436 1695; x_wconf 91' lang='lat' dir='ltr'><strong>quo</strong></span> <span class='ocrx_word' id='word_1_129' title='bbox 445 1633 477 1683; x_wconf 83' lang='lat' dir='ltr'><strong>ed</strong></span> <span class='ocrx_word' id='word_1_130' title='bbox 489 1635 666 1699; x_wconf 64' lang='lat' dir='ltr'><strong>proprietatem</strong></span> <span class='ocrx_word' id='word_1_131' title='bbox 676 1640 703 1683; x_wconf 87' lang='lat' dir='ltr'><strong>et</strong></span> <span class='ocrx_word' id='word_1_132' title='bbox 713 1635 899 1699; x_wconf 69' lang='lat' dir='ltr'><strong>pomionem,</strong></span> <span class='ocrx_word' id='word_1_133' title='bbox 910 1651 938 1685; x_wconf 89' lang='lat' dir='ltr'><strong>se</strong></span> <span class='ocrx_word' id='word_1_134' title='bbox 948 1635 1038 1683; x_wconf 86' lang='lat' dir='ltr'><strong>dieunt</strong></span> <span class='ocrx_word' id='word_1_135' title='bbox 1047 1635 1109 1683; x_wconf 67' lang='lat' dir='ltr'><strong>eade</strong></span> <span class='ocrx_word' id='word_1_136' title='bbox 1119 1650 1172 1683; x_wconf 82' lang='lat' dir='ltr'><strong>esee</strong></span> <span class='ocrx_word' id='word_1_137' title='bbox 1182 1634 1294 1683; x_wconf 88' lang='lat' dir='ltr'><strong>munitos</strong></span> <span class='ocrx_word' id='word_1_138' title='bbox 1306 1651 1312 1684; x_wconf 74' lang='grc' dir='ltr'><strong><em>ι</em></strong></span> 
     </span>
     <span class='ocr_line' id='line_1_17' title="bbox 257 1699 1310 1763; baseline 0.005 -19"><span class='ocrx_word' id='word_1_139' title='bbox 257 1710 353 1759; x_wconf 78' lang='lat' dir='ltr'><strong>rerum,</strong></span> <span class='ocrx_word' id='word_1_140' title='bbox 364 1712 423 1748; x_wconf 88' lang='lat' dir='ltr'><strong>oum</strong></span> <span class='ocrx_word' id='word_1_141' title='bbox 439 1703 538 1748; x_wconf 86' lang='lat' dir='ltr'><strong>constet</strong></span> <span class='ocrx_word' id='word_1_142' title='bbox 554 1700 634 1749; x_wconf 83' lang='lat' dir='ltr'><strong>dictos</strong></span> <span class='ocrx_word' id='word_1_143' title='bbox 652 1700 794 1763; x_wconf 78' lang='lat' dir='ltr'><strong>Religiosos,</strong></span> <span class='ocrx_word' id='word_1_144' title='bbox 805 1716 835 1748; x_wconf 90' lang='lat' dir='ltr'><strong>eo</strong></span> <span class='ocrx_word' id='word_1_145' title='bbox 851 1704 964 1762; x_wconf 87' lang='lat' dir='ltr'><strong>tempore</strong></span> <span class='ocrx_word' id='word_1_146' title='bbox 979 1714 1030 1763; x_wconf 91' lang='lat' dir='ltr'><strong>quo</strong></span> <span class='ocrx_word' id='word_1_147' title='bbox 1046 1699 1151 1762; x_wconf 74' lang='lat' dir='ltr'><strong>ingressi</strong></span> <span class='ocrx_word' id='word_1_148' title='bbox 1166 1704 1228 1747; x_wconf 88' lang='lat' dir='ltr'><strong>sunt</strong></span> <span class='ocrx_word' id='word_1_149' title='bbox 1243 1700 1310 1749; x_wconf 88' lang='lat' dir='ltr'><strong>dicte</strong></span> 
     </span>
     <span class='ocr_line' id='line_1_18' title="bbox 258 1761 1307 1827; baseline 0.002 -17"><span class='ocrx_word' id='word_1_150' title='bbox 258 1761 367 1811; x_wconf 83' lang='lat' dir='ltr'><strong>Eccleeie</strong></span> <span class='ocrx_word' id='word_1_151' title='bbox 378 1764 563 1827; x_wconf 82' lang='lat' dir='ltr'><strong>possessiouem,</strong></span> <span class='ocrx_word' id='word_1_152' title='bbox 575 1764 671 1814; x_wconf 85' lang='lat' dir='ltr'><strong>nullam</strong></span> <span class='ocrx_word' id='word_1_153' title='bbox 682 1765 716 1813; x_wconf 87' lang='lat' dir='ltr'><strong>eb</strong></span> <span class='ocrx_word' id='word_1_154' title='bbox 725 1765 772 1814; x_wconf 87' lang='lat' dir='ltr'><strong>alio</strong></span> <span class='ocrx_word' id='word_1_155' title='bbox 784 1780 862 1827; x_wconf 88' lang='lat' dir='ltr'><strong>quem</strong></span> <span class='ocrx_word' id='word_1_156' title='bbox 872 1780 888 1813; x_wconf 89' lang='lat' dir='ltr'><strong>s</strong></span> <span class='ocrx_word' id='word_1_157' title='bbox 898 1765 985 1827; x_wconf 87' lang='lat' dir='ltr'><strong>seipsis</strong></span> <span class='ocrx_word' id='word_1_158' title='bbox 995 1765 1172 1813; x_wconf 85' lang='lat' dir='ltr'><strong>auctoritatem</strong></span> <span class='ocrx_word' id='word_1_159' title='bbox 1182 1764 1307 1826; x_wconf 74' lang='lat' dir='ltr'><strong>habuisse,</strong></span> 
     </span>
     <span class='ocr_line' id='line_1_19' title="bbox 258 1826 1309 1893; baseline 0.004 -19"><span class='ocrx_word' id='word_1_160' title='bbox 258 1826 318 1889; x_wconf 86' lang='lat' dir='ltr'><strong>quis</strong></span> <span class='ocrx_word' id='word_1_161' title='bbox 328 1842 372 1891; x_wconf 90' lang='lat' dir='ltr'><strong>per</strong></span> <span class='ocrx_word' id='word_1_162' title='bbox 383 1828 544 1893; x_wconf 80' lang='lat' dir='ltr'><strong>Privilegium</strong></span> <span class='ocrx_word' id='word_1_163' title='bbox 556 1830 675 1879; x_wconf 84' lang='lat' dir='ltr'><strong>Celestini</strong></span> <span class='ocrx_word' id='word_1_164' title='bbox 689 1845 717 1879; x_wconf 91' lang='lat' dir='ltr'><strong>se</strong></span> <span class='ocrx_word' id='word_1_165' title='bbox 732 1829 867 1879; x_wconf 83' lang='lat' dir='ltr'><strong>defendere</strong></span> <span class='ocrx_word' id='word_1_166' title='bbox 882 1844 934 1879; x_wconf 91' lang='lat' dir='ltr'><strong>non</strong></span> <span class='ocrx_word' id='word_1_167' title='bbox 951 1832 1064 1892; x_wconf 66' lang='lat' dir='ltr'><strong>penum,</strong></span> <span class='ocrx_word' id='word_1_168' title='bbox 1076 1844 1106 1877; x_wconf 91' lang='lat' dir='ltr'><strong>eo</strong></span> <span class='ocrx_word' id='word_1_169' title='bbox 1116 1828 1185 1892; x_wconf 92' lang='lat' dir='ltr'><strong>quod</strong></span> <span class='ocrx_word' id='word_1_170' title='bbox 1197 1844 1241 1891; x_wconf 88' lang='lat' dir='ltr'><strong>per</strong></span> <span class='ocrx_word' id='word_1_171' title='bbox 1251 1844 1309 1878; x_wconf 89' lang='lat' dir='ltr'><strong>con·</strong></span> 
     </span>
     <span class='ocr_line' id='line_1_20' title="bbox 257 1892 1309 1957; baseline 0.003 -18"><span class='ocrx_word' id='word_1_172' title='bbox 257 1892 364 1941; x_wconf 87' lang='lat' dir='ltr'><strong>trerium</strong></span> <span class='ocrx_word' id='word_1_173' title='bbox 385 1897 471 1942; x_wconf 88' lang='lat' dir='ltr'><strong>actum</strong></span> <span class='ocrx_word' id='word_1_174' title='bbox 492 1895 525 1943; x_wconf 88' lang='lat' dir='ltr'><strong>ab</strong></span> <span class='ocrx_word' id='word_1_175' title='bbox 547 1910 576 1943; x_wconf 93' lang='lat' dir='ltr'><strong>eo</strong></span> <span class='ocrx_word' id='word_1_176' title='bbox 595 1910 719 1944; x_wconf 88' lang='lat' dir='ltr'><strong>recessum</strong></span> <span class='ocrx_word' id='word_1_177' title='bbox 735 1894 786 1943; x_wconf 82' lang='lat' dir='ltr'><strong>fuit</strong></span> <span class='ocrx_word' id='word_1_178' title='bbox 807 1894 918 1955; x_wconf 87' lang='lat' dir='ltr'><strong>omnino,</strong></span> <span class='ocrx_word' id='word_1_179' title='bbox 935 1893 1020 1957; x_wconf 88' lang='lat' dir='ltr'><strong>sicque</strong></span> <span class='ocrx_word' id='word_1_180' title='bbox 1040 1894 1125 1956; x_wconf 90' lang='lat' dir='ltr'><strong>ipsum</strong></span> <span class='ocrx_word' id='word_1_181' title='bbox 1147 1893 1309 1957; x_wconf 79' lang='lat' dir='ltr'><strong>Privilegium</strong></span> 
     </span>
     <span class='ocr_line' id='line_1_21' title="bbox 257 1956 1310 2023; baseline 0.004 -19"><span class='ocrx_word' id='word_1_182' title='bbox 257 1956 434 2007; x_wconf 84' lang='lat' dir='ltr'><strong>mortificatum</strong></span> <span class='ocrx_word' id='word_1_183' title='bbox 457 1959 508 2008; x_wconf 84' lang='lat' dir='ltr'><strong>luit</strong></span> <span class='ocrx_word' id='word_1_184' title='bbox 529 1963 557 2008; x_wconf 89' lang='lat' dir='ltr'><strong>et</strong></span> <span class='ocrx_word' id='word_1_185' title='bbox 576 1959 673 2009; x_wconf 79' lang='lat' dir='ltr'><strong>viribus</strong></span> <span class='ocrx_word' id='word_1_186' title='bbox 696 1960 798 2023; x_wconf 86' lang='lat' dir='ltr'><strong>penitus</strong></span> <span class='ocrx_word' id='word_1_187' title='bbox 825 1962 992 2018; x_wconf 77' lang='lat' dir='ltr'><strong>evscuetum3</strong></span> <span class='ocrx_word' id='word_1_188' title='bbox 1008 1974 1056 2007; x_wconf 93' lang='lat' dir='ltr'><strong>neo</strong></span> <span class='ocrx_word' id='word_1_189' title='bbox 1080 1973 1126 2021; x_wconf 86' lang='lat' dir='ltr'><strong>per</strong></span> <span class='ocrx_word' id='word_1_190' title='bbox 1147 1958 1310 2021; x_wconf 76' lang='lat' dir='ltr'><strong>Privilegium</strong></span> 
     </span>
     <span class='ocr_line' id='line_1_22' title="bbox 256 2020 1309 2087; baseline 0.003 -18"><span class='ocrx_word' id='word_1_191' title='bbox 256 2020 399 2082; x_wconf 74' lang='lat' dir='ltr'><strong>Alexandri,</strong></span> <span class='ocrx_word' id='word_1_192' title='bbox 411 2023 477 2087; x_wconf 88' lang='lat' dir='ltr'><strong>quia,</strong></span> <span class='ocrx_word' id='word_1_193' title='bbox 489 2028 521 2073; x_wconf 89' lang='lat' dir='ltr'><strong>ut</strong></span> <span class='ocrx_word' id='word_1_194' title='bbox 531 2029 634 2087; x_wconf 77' lang='lat' dir='ltr'><strong>appensi</strong></span> <span class='ocrx_word' id='word_1_195' title='bbox 650 2040 682 2073; x_wconf 82' lang='lat' dir='ltr'><strong>ex</strong></span> <span class='ocrx_word' id='word_1_196' title='bbox 693 2023 784 2085; x_wconf 81' lang='lat' dir='ltr'><strong>litera,</strong></span> <span class='ocrx_word' id='word_1_197' title='bbox 795 2027 856 2073; x_wconf 82' lang='lat' dir='ltr'><strong>ente</strong></span> <span class='ocrx_word' id='word_1_198' title='bbox 872 2023 965 2073; x_wconf 84' lang='lat' dir='ltr'><strong>Dstsm</strong></span> <span class='ocrx_word' id='word_1_199' title='bbox 975 2023 1054 2086; x_wconf 90' lang='lat' dir='ltr'><strong>ipsius</strong></span> <span class='ocrx_word' id='word_1_200' title='bbox 1065 2023 1198 2086; x_wconf 75' lang='lat' dir='ltr'><strong>Privilegii,</strong></span> <span class='ocrx_word' id='word_1_201' title='bbox 1207 2023 1309 2073; x_wconf 79' lang='lat' dir='ltr'><strong>fuerent</strong></span> 
     </span>
     <span class='ocr_line' id='line_1_23' title="bbox 256 2086 1309 2151; baseline 0.001 -15"><span class='ocrx_word' id='word_1_202' title='bbox 256 2086 435 2149; x_wconf 82' lang='lat' dir='ltr'><strong>possessionem</strong></span> <span class='ocrx_word' id='word_1_203' title='bbox 454 2088 522 2137; x_wconf 91' lang='lat' dir='ltr'><strong>dicte</strong></span> <span class='ocrx_word' id='word_1_204' title='bbox 543 2088 755 2139; x_wconf 87' lang='lat' dir='ltr'><strong>Eooleeie-nulle</strong></span> <span class='ocrx_word' id='word_1_205' title='bbox 776 2093 863 2138; x_wconf 85' lang='lat' dir='ltr'><strong>temen</strong></span> <span class='ocrx_word' id='word_1_206' title='bbox 883 2087 1074 2151; x_wconf 83' lang='lat' dir='ltr'><strong>superveniente</strong></span> <span class='ocrx_word' id='word_1_207' title='bbox 1091 2087 1231 2151; x_wconf 81' lang='lat' dir='ltr'><strong>Superioris</strong></span> <span class='ocrx_word' id='word_1_208' title='bbox 1251 2103 1309 2138; x_wconf 90' lang='lat' dir='ltr'><strong>auo·</strong></span> 
     </span>
     <span class='ocr_line' id='line_1_24' title="bbox 255 2151 1308 2219; baseline 0.003 -20"><span class='ocrx_word' id='word_1_209' title='bbox 255 2151 502 2216; x_wconf 71' lang='lat' dir='ltr'><strong>tentate-ingressi,</strong></span> <span class='ocrx_word' id='word_1_210' title='bbox 522 2154 673 2219; x_wconf 75' lang='lat' dir='ltr'><strong>relinquitur</strong></span> <span class='ocrx_word' id='word_1_211' title='bbox 684 2170 725 2203; x_wconf 87' lang='lat' dir='ltr'><strong>eos</strong></span> <span class='ocrx_word' id='word_1_212' title='bbox 740 2154 835 2203; x_wconf 83' lang='lat' dir='ltr'><strong>dictem</strong></span> <span class='ocrx_word' id='word_1_213' title='bbox 850 2153 986 2203; x_wconf 80' lang='lat' dir='ltr'><strong>Ecclesiam</strong></span> <span class='ocrx_word' id='word_1_214' title='bbox 1004 2152 1095 2202; x_wconf 84' lang='lat' dir='ltr'><strong>viciose</strong></span> <span class='ocrx_word' id='word_1_215' title='bbox 1109 2168 1163 2202; x_wconf 91' lang='lat' dir='ltr'><strong>esse</strong></span> <span class='ocrx_word' id='word_1_216' title='bbox 1182 2158 1308 2203; x_wconf 72' lang='lat' dir='ltr'><strong>mecutos</strong></span> 
     </span>
     <span class='ocr_line' id='line_1_25' title="bbox 256 2216 1308 2281; baseline 0.004 -18"><span class='ocrx_word' id='word_1_217' title='bbox 256 2216 296 2264; x_wconf 84' lang='lat' dir='ltr'><strong>vel</strong></span> <span class='ocrx_word' id='word_1_218' title='bbox 306 2216 436 2279; x_wconf 72' lang='lat' dir='ltr'><strong>ingremos.</strong></span> <span class='ocrx_word' id='word_1_219' title='bbox 461 2218 534 2279; x_wconf 89' lang='lat' dir='ltr'><strong>Item,</strong></span> <span class='ocrx_word' id='word_1_220' title='bbox 543 2234 602 2268; x_wconf 92' lang='lat' dir='ltr'><strong>cum</strong></span> <span class='ocrx_word' id='word_1_221' title='bbox 613 2223 711 2268; x_wconf 82' lang='lat' dir='ltr'><strong>constet</strong></span> <span class='ocrx_word' id='word_1_222' title='bbox 722 2218 784 2268; x_wconf 86' lang='lat' dir='ltr'><strong>dicti</strong></span> <span class='ocrx_word' id='word_1_223' title='bbox 792 2218 929 2268; x_wconf 77' lang='lat' dir='ltr'><strong>Alexandri</strong></span> <span class='ocrx_word' id='word_1_224' title='bbox 936 2217 1098 2281; x_wconf 78' lang='lat' dir='ltr'><strong>Prisilegium</strong></span> <span class='ocrx_word' id='word_1_225' title='bbox 1108 2218 1134 2267; x_wconf 91' lang='lat' dir='ltr'><strong>iu</strong></span> <span class='ocrx_word' id='word_1_226' title='bbox 1142 2233 1170 2267; x_wconf 92' lang='lat' dir='ltr'><strong>se</strong></span> <span class='ocrx_word' id='word_1_227' title='bbox 1180 2218 1308 2267; x_wconf 84' lang='lat' dir='ltr'><strong>continere</strong></span> 
     </span>
     <span class='ocr_line' id='line_1_26' title="bbox 257 2281 1309 2361; baseline 0.003 -33"><span class='ocrx_word' id='word_1_228' title='bbox 257 2281 435 2359; x_wconf 74' lang='lat' dir='ltr'><strong>condicionem,</strong></span> <span class='ocrx_word' id='word_1_229' title='bbox 453 2283 569 2361; x_wconf 68' lang='lat' dir='ltr'><strong>videlieet</strong></span> <span class='ocrx_word' id='word_1_230' title='bbox 585 2288 622 2343; x_wconf 90' lang='lat' dir='ltr'><strong>ut,</strong></span> <span class='ocrx_word' id='word_1_231' title='bbox 638 2284 883 2361; x_wconf 29' lang='lat' dir='ltr'><strong>verisvexietentibns</strong></span> <span class='ocrx_word' id='word_1_232' title='bbox 898 2283 1083 2359; x_wconf 77' lang='lat' dir='ltr'><strong>premissis-et</strong></span> <span class='ocrx_word' id='word_1_233' title='bbox 1101 2282 1164 2333; x_wconf 87' lang='lat' dir='ltr'><strong>laisa</strong></span> <span class='ocrx_word' id='word_1_234' title='bbox 1182 2287 1245 2332; x_wconf 89' lang='lat' dir='ltr'><strong>sunt</strong></span> <span class='ocrx_word' id='word_1_235' title='bbox 1262 2298 1309 2346; x_wconf 93' lang='lat' dir='ltr'><strong>pro</strong></span> 
     </span>
     <span class='ocr_line' id='line_1_27' title="bbox 256 2348 1307 2477; baseline 0.003 -18"><span class='ocrx_word' id='word_1_236' title='bbox 256 2352 639 2475; x_wconf 52' lang='lat' dir='ltr'><strong>{uirtutium</strong></span> <span class='ocrx_word' id='word_1_237' title='bbox 648 2348 1307 2477; x_wconf 50' lang='lat' dir='ltr'><strong>&amp;liutbrptffiniiitt‘ilii</strong></span> 
     </span>
     <span class='ocr_line' id='line_1_28' title="bbox 254 2477 1307 2541; baseline 0.003 -17"><span class='ocrx_word' id='word_1_238' title='bbox 254 2481 368 2539; x_wconf 83' lang='lat' dir='ltr'><strong>precator</strong></span> <span class='ocrx_word' id='word_1_239' title='bbox 378 2492 459 2527; x_wconf 88' lang='lat' dir='ltr'><strong>cerere</strong></span> <span class='ocrx_word' id='word_1_240' title='bbox 467 2478 557 2527; x_wconf 87' lang='lat' dir='ltr'><strong>debeat</strong></span> <span class='ocrx_word' id='word_1_241' title='bbox 568 2478 698 2527; x_wconf 87' lang='lat' dir='ltr'><strong>commodo</strong></span> <span class='ocrx_word' id='word_1_242' title='bbox 709 2478 909 2541; x_wconf 75' lang='lat' dir='ltr'><strong>impetrenmm,</strong></span> <span class='ocrx_word' id='word_1_243' title='bbox 923 2493 969 2527; x_wconf 89' lang='lat' dir='ltr'><strong>nec</strong></span> <span class='ocrx_word' id='word_1_244' title='bbox 983 2478 1061 2527; x_wconf 70' lang='lat' dir='ltr'><strong>mium</strong></span> <span class='ocrx_word' id='word_1_245' title='bbox 1071 2477 1119 2541; x_wconf 91' lang='lat' dir='ltr'><strong>ipsi</strong></span> <span class='ocrx_word' id='word_1_246' title='bbox 1129 2477 1237 2526; x_wconf 79' lang='lat' dir='ltr'><strong>formam</strong></span> <span class='ocrx_word' id='word_1_247' title='bbox 1244 2478 1307 2527; x_wconf 82' lang='lat' dir='ltr'><strong>dicti</strong></span> 
     </span>
     <span class='ocr_line' id='line_1_29' title="bbox 256 2540 1305 2606; baseline 0.003 -16"><span class='ocrx_word' id='word_1_248' title='bbox 256 2540 381 2606; x_wconf 80' lang='lat' dir='ltr'><strong>Privilegii</strong></span> <span class='ocrx_word' id='word_1_249' title='bbox 396 2543 693 2594; x_wconf 82' lang='lat' dir='ltr'><strong>observarunt—eosdem</strong></span> <span class='ocrx_word' id='word_1_250' title='bbox 710 2544 822 2593; x_wconf 87' lang='lat' dir='ltr'><strong>Priorem</strong></span> <span class='ocrx_word' id='word_1_251' title='bbox 841 2547 868 2593; x_wconf 88' lang='lat' dir='ltr'><strong>et</strong></span> <span class='ocrx_word' id='word_1_252' title='bbox 885 2542 1044 2593; x_wconf 75' lang='lat' dir='ltr'><strong>conventum</strong></span> <span class='ocrx_word' id='word_1_253' title='bbox 1064 2542 1158 2592; x_wconf 78' lang='lat' dir='ltr'><strong>dictam</strong></span> <span class='ocrx_word' id='word_1_254' title='bbox 1169 2542 1305 2593; x_wconf 84' lang='lat' dir='ltr'><strong>Ecclesiam</strong></span> 
     </span>
     <span class='ocr_line' id='line_1_30' title="bbox 255 2605 1307 2672; baseline 0.004 -18"><span class='ocrx_word' id='word_1_255' title='bbox 255 2605 288 2654; x_wconf 85' lang='lat' dir='ltr'><strong>de</strong></span> <span class='ocrx_word' id='word_1_256' title='bbox 305 2607 376 2656; x_wconf 85' lang='lat' dir='ltr'><strong>Dens</strong></span> <span class='ocrx_word' id='word_1_257' title='bbox 397 2607 487 2658; x_wconf 85' lang='lat' dir='ltr'><strong>viciose</strong></span> <span class='ocrx_word' id='word_1_258' title='bbox 504 2614 531 2658; x_wconf 90' lang='lat' dir='ltr'><strong>et</strong></span> <span class='ocrx_word' id='word_1_259' title='bbox 547 2615 634 2659; x_wconf 86' lang='lat' dir='ltr'><strong>contre</strong></span> <span class='ocrx_word' id='word_1_260' title='bbox 648 2608 776 2672; x_wconf 82' lang='lat' dir='ltr'><strong>justiciam</strong></span> <span class='ocrx_word' id='word_1_261' title='bbox 795 2625 849 2658; x_wconf 90' lang='lat' dir='ltr'><strong>esse</strong></span> <span class='ocrx_word' id='word_1_262' title='bbox 865 2609 988 2671; x_wconf 76' lang='lat' dir='ltr'><strong>ingressos</strong></span> <span class='ocrx_word' id='word_1_263' title='bbox 1005 2608 1205 2672; x_wconf 85' lang='lat' dir='ltr'><strong>pronunciemus,</strong></span> <span class='ocrx_word' id='word_1_264' title='bbox 1223 2613 1250 2658; x_wconf 91' lang='lat' dir='ltr'><strong>et</strong></span> <span class='ocrx_word' id='word_1_265' title='bbox 1265 2624 1307 2658; x_wconf 91' lang='lat' dir='ltr'><strong>eos</strong></span> 
     </span>
     <span class='ocr_line' id='line_1_31' title="bbox 255 2671 1306 2738; baseline 0.005 -20"><span class='ocrx_word' id='word_1_266' title='bbox 255 2671 322 2720; x_wconf 82' lang='lat' dir='ltr'><strong>dieta</strong></span> <span class='ocrx_word' id='word_1_267' title='bbox 334 2672 449 2734; x_wconf 85' lang='lat' dir='ltr'><strong>Eoolesis,</strong></span> <span class='ocrx_word' id='word_1_268' title='bbox 462 2673 566 2738; x_wconf 79' lang='lat' dir='ltr'><strong>Scriptis</strong></span> <span class='ocrx_word' id='word_1_269' title='bbox 577 2673 807 2737; x_wconf 68' lang='lat' dir='ltr'><strong>presentibus-In</strong></span> <span class='ocrx_word' id='word_1_270' title='bbox 816 2674 924 2723; x_wconf 84' lang='lat' dir='ltr'><strong>Nomine</strong></span> <span class='ocrx_word' id='word_1_271' title='bbox 941 2673 1031 2734; x_wconf 77' lang='lat' dir='ltr'><strong>Petris,</strong></span> <span class='ocrx_word' id='word_1_272' title='bbox 1043 2677 1099 2732; x_wconf 75' lang='lat' dir='ltr'><strong>eto,</strong></span> <span class='ocrx_word' id='word_1_273' title='bbox 1109 2688 1155 2736; x_wconf 88' lang='lat' dir='ltr'><strong>per</strong></span> <span class='ocrx_word' id='word_1_274' title='bbox 1166 2673 1306 2723; x_wconf 83' lang='lat' dir='ltr'><strong>Difflnitsm</strong></span> 
     </span>
     <span class='ocr_line' id='line_1_32' title="bbox 253 2735 1305 2852; baseline 0.005 -68"><span class='ocrx_word' id='word_1_275' title='bbox 253 2735 413 2786; x_wconf 77' lang='lat' dir='ltr'><strong>sentenciam</strong></span> <span class='ocrx_word' id='word_1_276' title='bbox 438 2739 583 2852; x_wconf 53' lang='lat' dir='ltr'><strong>prissffiuu</strong></span> <span class='ocrx_word' id='word_1_277' title='bbox 602 2739 722 2803; x_wconf 79' lang='lat' dir='ltr'><strong>liegistro</strong></span> <span class='ocrx_word' id='word_1_278' title='bbox 740 2737 855 2788; x_wconf 72' lang='lat' dir='ltr'><strong>omaso</strong></span> <span class='ocrx_word' id='word_1_279' title='bbox 871 2739 901 2788; x_wconf 78' lang='lat' dir='ltr'><strong>de</strong></span> <span class='ocrx_word' id='word_1_280' title='bbox 921 2737 1045 2789; x_wconf 64' lang='lat' dir='ltr'><strong>ouem</strong></span> <span class='ocrx_word' id='word_1_281' title='bbox 1065 2753 1121 2787; x_wconf 89' lang='lat' dir='ltr'><strong>eam</strong></span> <span class='ocrx_word' id='word_1_282' title='bbox 1142 2739 1305 2800; x_wconf 82' lang='lat' dir='ltr'><strong>conferentes,</strong></span> 
     </span>
     <span class='ocr_line' id='line_1_33' title="bbox 253 2799 546 2862; baseline 0.01 -13"><span class='ocrx_word' id='word_1_283' title='bbox 253 2799 351 2851; x_wconf 80' lang='lat' dir='ltr'><strong>intuitu</strong></span> <span class='ocrx_word' id='word_1_284' title='bbox 362 2803 490 2862; x_wconf 56' lang='lat' dir='ltr'><strong>eduum</strong></span> <span class='ocrx_word' id='word_1_285' title='bbox 540 2840 546 2852; x_wconf 88' lang='lat'><strong><em>.</em></strong></span> 
     </span>
     <span class='ocr_line' id='line_1_34' title="bbox 221 2865 1305 2930; baseline 0.004 -16"><span class='ocrx_word' id='word_1_286' title='bbox 221 2865 337 2915; x_wconf 84' lang='lat' dir='ltr'><strong>-Deatb</strong></span> <span class='ocrx_word' id='word_1_287' title='bbox 348 2867 375 2916; x_wconf 88' lang='lat' dir='ltr'><strong>ol</strong></span> <span class='ocrx_word' id='word_1_288' title='bbox 391 2868 461 2916; x_wconf 86' lang='lat' dir='ltr'><strong>Prior</strong></span> <span class='ocrx_word' id='word_1_289' title='bbox 472 2867 593 2930; x_wconf 85' lang='lat' dir='ltr'><strong>Beldwin,</strong></span> <span class='ocrx_word' id='word_1_290' title='bbox 611 2868 661 2918; x_wconf 88' lang='lat' dir='ltr'><strong>“in</strong></span> <span class='ocrx_word' id='word_1_291' title='bbox 672 2869 780 2919; x_wconf 88' lang='lat' dir='ltr'><strong>crastino</strong></span> <span class='ocrx_word' id='word_1_292' title='bbox 792 2867 1001 2918; x_wconf 77' lang='lat' dir='ltr'><strong>Annunoisoionis</strong></span> <span class='ocrx_word' id='word_1_293' title='bbox 1017 2868 1095 2918; x_wconf 87' lang='lat' dir='ltr'><strong>Beate</strong></span> <span class='ocrx_word' id='word_1_294' title='bbox 1111 2868 1196 2930; x_wconf 82' lang='lat' dir='ltr'><strong>liu-ie,</strong></span> <span class='ocrx_word' id='word_1_295' title='bbox 1207 2865 1305 2918; x_wconf 86' lang='lat' dir='ltr'><strong>msne&#39;&#39;</strong></span> 
     </span>
     <span class='ocr_line' id='line_1_35' title="bbox 253 2931 559 2995; baseline 0.01 -15"><span class='ocrx_word' id='word_1_296' title='bbox 253 2931 295 2992; x_wconf 78' lang='grc'><strong>(28</strong></span> <span class='ocrx_word' id='word_1_297' title='bbox 307 2931 400 2994; x_wconf 80' lang='lat' dir='ltr'><strong>March,</strong></span> <span class='ocrx_word' id='word_1_298' title='bbox 413 2933 504 2995; x_wconf 81' lang='lat'>1263);</span> <span class='ocrx_word' id='word_1_299' title='bbox 521 2935 559 2984; x_wconf 76' lang='lat'><strong>26.</strong></span> 
     </span>
    </p>
   </div>
   <div class='ocr_carea' id='block_1_4' title="bbox 221 3011 1305 4465">
    <p class='ocr_par' dir='ltr' id='par_1_4' title="bbox 245 3011 892 3100">
     <span class='ocr_line' id='line_1_36' title="bbox 245 3011 892 3100; baseline 0.002 -22"><span class='ocrx_word' id='word_1_300' title='bbox 245 3011 475 3080; x_wconf 78' lang='lat' dir='ltr'><strong>—Submiesio</strong></span> <span class='ocrx_word' id='word_1_301' title='bbox 497 3013 892 3100; x_wconf 76' lang='lat' dir='ltr'><strong>Plimptonieneium:-</strong></span> 
     </span>
    </p>

    <p class='ocr_par' dir='ltr' id='par_1_5' title="bbox 221 3097 1305 4465">
     <span class='ocr_line' id='line_1_37' title="bbox 221 3097 1304 3166; baseline 0.002 -16"><span class='ocrx_word' id='word_1_302' title='bbox 221 3097 348 3150; x_wconf 87' lang='lat' dir='ltr'><strong>Universis</strong></span> <span class='ocrx_word' id='word_1_303' title='bbox 359 3106 487 3164; x_wconf 85' lang='lat' dir='ltr'><strong>presentes</strong></span> <span class='ocrx_word' id='word_1_304' title='bbox 499 3102 594 3152; x_wconf 86' lang='lat' dir='ltr'><strong>Literae</strong></span> <span class='ocrx_word' id='word_1_305' title='bbox 610 3103 759 3166; x_wconf 86' lang='lat' dir='ltr'><strong>inspecturis</strong></span> <span class='ocrx_word' id='word_1_306' title='bbox 771 3103 898 3152; x_wconf 86' lang='lat' dir='ltr'><strong>Walterus</strong></span> <span class='ocrx_word' id='word_1_307' title='bbox 907 3101 987 3152; x_wconf 70' lang='lat' dir='ltr'><strong>didus</strong></span> <span class='ocrx_word' id='word_1_308' title='bbox 997 3101 1021 3151; x_wconf 95' lang='lat' dir='ltr'><strong>le</strong></span> <span class='ocrx_word' id='word_1_309' title='bbox 1032 3102 1150 3165; x_wconf 75' lang='lat' dir='ltr'><strong>Hosteler,</strong></span> <span class='ocrx_word' id='word_1_310' title='bbox 1163 3103 1304 3153; x_wconf 80' lang='lat' dir='ltr'><strong>Canonicus</strong></span> 
     </span>
     <span class='ocr_line' id='line_1_38' title="bbox 256 3163 1303 3232; baseline 0.006 -20"><span class='ocrx_word' id='word_1_311' title='bbox 256 3163 424 3228; x_wconf 81' lang='lat' dir='ltr'><strong>Plymptonie,</strong></span> <span class='ocrx_word' id='word_1_312' title='bbox 435 3166 585 3217; x_wconf 80' lang='lat' dir='ltr'><strong>Procurator</strong></span> <span class='ocrx_word' id='word_1_313' title='bbox 601 3167 743 3231; x_wconf 81' lang='lat' dir='ltr'><strong>Subprioris</strong></span> <span class='ocrx_word' id='word_1_314' title='bbox 762 3172 789 3216; x_wconf 92' lang='lat' dir='ltr'><strong>et</strong></span> <span class='ocrx_word' id='word_1_315' title='bbox 806 3168 951 3217; x_wconf 82' lang='lat' dir='ltr'><strong>Conventus</strong></span> <span class='ocrx_word' id='word_1_316' title='bbox 967 3167 1135 3232; x_wconf 81' lang='lat' dir='ltr'><strong>Plymptonie,</strong></span> <span class='ocrx_word' id='word_1_317' title='bbox 1152 3169 1260 3218; x_wconf 82' lang='lat' dir='ltr'><strong>salutem</strong></span> <span class='ocrx_word' id='word_1_318' title='bbox 1276 3168 1303 3218; x_wconf 90' lang='lat' dir='ltr'><strong>iu</strong></span> 
     </span>
     <span class='ocr_line' id='line_1_39' title="bbox 252 3229 1302 3296; baseline 0.005 -18"><span class='ocrx_word' id='word_1_319' title='bbox 252 3229 360 3280; x_wconf 90' lang='lat' dir='ltr'><strong>Domino</strong></span> <span class='ocrx_word' id='word_1_320' title='bbox 379 3231 702 3295; x_wconf 81' lang='lat' dir='ltr'><strong>sempiternam-Noverit</strong></span> <span class='ocrx_word' id='word_1_321' title='bbox 714 3233 871 3282; x_wconf 82' lang='lat' dir='ltr'><strong>Universites</strong></span> <span class='ocrx_word' id='word_1_322' title='bbox 881 3238 965 3281; x_wconf 80' lang='lat' dir='ltr'><strong>vestra</strong></span> <span class='ocrx_word' id='word_1_323' title='bbox 975 3233 1050 3296; x_wconf 91' lang='lat' dir='ltr'><strong>quod,</strong></span> <span class='ocrx_word' id='word_1_324' title='bbox 1062 3248 1120 3282; x_wconf 92' lang='lat' dir='ltr'><strong>cum</strong></span> <span class='ocrx_word' id='word_1_325' title='bbox 1131 3232 1198 3282; x_wconf 83' lang='lat' dir='ltr'><strong>inter</strong></span> <span class='ocrx_word' id='word_1_326' title='bbox 1207 3234 1302 3283; x_wconf 81' lang='lat' dir='ltr'><strong>Vener·</strong></span> 
     </span>
     <span class='ocr_line' id='line_1_40' title="bbox 251 3295 1301 3362; baseline 0.005 -19"><span class='ocrx_word' id='word_1_327' title='bbox 251 3295 342 3344; x_wconf 82' lang='lat' dir='ltr'><strong>abilam</strong></span> <span class='ocrx_word' id='word_1_328' title='bbox 359 3295 467 3358; x_wconf 87' lang='lat' dir='ltr'><strong>Patrem,</strong></span> <span class='ocrx_word' id='word_1_329' title='bbox 479 3297 615 3346; x_wconf 87' lang='lat' dir='ltr'><strong>Dominum</strong></span> <span class='ocrx_word' id='word_1_330' title='bbox 629 3297 775 3356; x_wconf 73' lang='lat' dir='ltr'><strong>Wolterum,</strong></span> <span class='ocrx_word' id='word_1_331' title='bbox 793 3297 841 3347; x_wconf 91' lang='lat' dir='ltr'><strong>Dei</strong></span> <span class='ocrx_word' id='word_1_332' title='bbox 859 3297 941 3360; x_wconf 58' lang='lat' dir='ltr'><strong>macie</strong></span> <span class='ocrx_word' id='word_1_333' title='bbox 958 3297 1125 3347; x_wconf 85' lang='lat' dir='ltr'><strong>Exouiensem</strong></span> <span class='ocrx_word' id='word_1_334' title='bbox 1141 3298 1301 3362; x_wconf 80' lang='lat' dir='ltr'><strong>Episcopum,</strong></span> 
     </span>
     <span class='ocr_line' id='line_1_41' title="bbox 251 3362 1303 3428; baseline 0.005 -21"><span class='ocrx_word' id='word_1_335' title='bbox 251 3374 283 3408; x_wconf 85' lang='lat' dir='ltr'><strong>ex</strong></span> <span class='ocrx_word' id='word_1_336' title='bbox 305 3364 376 3422; x_wconf 85' lang='lat' dir='ltr'><strong>parte</strong></span> <span class='ocrx_word' id='word_1_337' title='bbox 393 3377 450 3416; x_wconf 76' lang='lat' dir='ltr'><strong>une,</strong></span> <span class='ocrx_word' id='word_1_338' title='bbox 474 3367 500 3410; x_wconf 88' lang='lat' dir='ltr'><strong>et</strong></span> <span class='ocrx_word' id='word_1_339' title='bbox 523 3362 721 3412; x_wconf 73' lang='lat' dir='ltr'><strong>conventualem</strong></span> <span class='ocrx_word' id='word_1_340' title='bbox 740 3362 875 3412; x_wconf 85' lang='lat' dir='ltr'><strong>Ecclesiam</strong></span> <span class='ocrx_word' id='word_1_341' title='bbox 892 3362 1043 3425; x_wconf 90' lang='lat' dir='ltr'><strong>Plimptonie</strong></span> <span class='ocrx_word' id='word_1_342' title='bbox 1065 3379 1097 3411; x_wconf 83' lang='lat' dir='ltr'><strong>ex</strong></span> <span class='ocrx_word' id='word_1_343' title='bbox 1118 3363 1203 3424; x_wconf 62' lang='lat' dir='ltr'><strong>alteia</strong></span> <span class='ocrx_word' id='word_1_344' title='bbox 1226 3379 1303 3428; x_wconf 88' lang='lat' dir='ltr'><strong>super</strong></span> 
     </span>
     <span class='ocr_line' id='line_1_42' title="bbox 251 3425 1302 3492; baseline 0.004 -18"><span class='ocrx_word' id='word_1_345' title='bbox 251 3425 403 3486; x_wconf 83' lang='lat' dir='ltr'><strong>possessione</strong></span> <span class='ocrx_word' id='word_1_346' title='bbox 411 3426 450 3475; x_wconf 82' lang='lat' dir='ltr'><strong>vel</strong></span> <span class='ocrx_word' id='word_1_347' title='bbox 458 3427 529 3491; x_wconf 86' lang='lat' dir='ltr'><strong>quasi</strong></span> <span class='ocrx_word' id='word_1_348' title='bbox 540 3427 597 3492; x_wconf 84' lang='lat' dir='ltr'><strong>jure</strong></span> <span class='ocrx_word' id='word_1_349' title='bbox 607 3431 755 3491; x_wconf 85' lang='lat' dir='ltr'><strong>petronetus</strong></span> <span class='ocrx_word' id='word_1_350' title='bbox 764 3426 942 3477; x_wconf 80' lang='lat' dir='ltr'><strong>Advocscionis</strong></span> <span class='ocrx_word' id='word_1_351' title='bbox 953 3443 998 3476; x_wconf 91' lang='lat' dir='ltr'><strong>seu</strong></span> <span class='ocrx_word' id='word_1_352' title='bbox 1010 3427 1130 3476; x_wconf 81' lang='lat' dir='ltr'><strong>Custodie</strong></span> <span class='ocrx_word' id='word_1_353' title='bbox 1142 3443 1220 3492; x_wconf 89' lang='lat' dir='ltr'><strong>quam</strong></span> <span class='ocrx_word' id='word_1_354' title='bbox 1234 3429 1302 3478; x_wconf 92' lang='lat' dir='ltr'><strong>idem</strong></span> 
     </span>
     <span class='ocr_line' id='line_1_43' title="bbox 252 3489 1302 3556; baseline 0.003 -17"><span class='ocrx_word' id='word_1_355' title='bbox 252 3489 398 3553; x_wconf 83' lang='lat' dir='ltr'><strong>Episcopus,</strong></span> <span class='ocrx_word' id='word_1_356' title='bbox 419 3495 531 3554; x_wconf 87' lang='lat' dir='ltr'><strong>tempore</strong></span> <span class='ocrx_word' id='word_1_357' title='bbox 550 3491 686 3541; x_wconf 80' lang='lat' dir='ltr'><strong>vemciom&#39;s</strong></span> <span class='ocrx_word' id='word_1_358' title='bbox 713 3491 791 3556; x_wconf 84' lang='lat' dir='ltr'><strong>ipsius</strong></span> <span class='ocrx_word' id='word_1_359' title='bbox 813 3491 929 3552; x_wconf 84' lang='lat' dir='ltr'><strong>Ecclesie,</strong></span> <span class='ocrx_word' id='word_1_360' title='bbox 947 3507 974 3541; x_wconf 89' lang='lat' dir='ltr'><strong>se</strong></span> <span class='ocrx_word' id='word_1_361' title='bbox 992 3497 1020 3540; x_wconf 92' lang='lat' dir='ltr'><strong>et</strong></span> <span class='ocrx_word' id='word_1_362' title='bbox 1038 3493 1225 3541; x_wconf 90' lang='lat' dir='ltr'><strong>Predeoessores</strong></span> <span class='ocrx_word' id='word_1_363' title='bbox 1243 3509 1302 3543; x_wconf 90' lang='lat' dir='ltr'><strong>suos</strong></span> 
     </span>
     <span class='ocr_line' id='line_1_44' title="bbox 251 3552 1303 3632; baseline 0.005 -29"><span class='ocrx_word' id='word_1_364' title='bbox 251 3552 342 3604; x_wconf 87' lang='lat' dir='ltr'><strong>hebere</strong></span> <span class='ocrx_word' id='word_1_365' title='bbox 361 3555 439 3605; x_wconf 88' lang='lat' dir='ltr'><strong>solere</strong></span> <span class='ocrx_word' id='word_1_366' title='bbox 456 3556 572 3620; x_wconf 90' lang='lat' dir='ltr'><strong>proponit</strong></span> <span class='ocrx_word' id='word_1_367' title='bbox 588 3557 614 3606; x_wconf 91' lang='lat' dir='ltr'><strong>in</strong></span> <span class='ocrx_word' id='word_1_368' title='bbox 630 3558 734 3619; x_wconf 80' lang='lat' dir='ltr'><strong>eedem3</strong></span> <span class='ocrx_word' id='word_1_369' title='bbox 761 3560 788 3606; x_wconf 89' lang='lat' dir='ltr'><strong>et</strong></span> <span class='ocrx_word' id='word_1_370' title='bbox 804 3572 879 3632; x_wconf 87' lang='lat' dir='ltr'><strong>super</strong></span> <span class='ocrx_word' id='word_1_371' title='bbox 896 3557 1025 3606; x_wconf 88' lang='lat' dir='ltr'><strong>Eiecoione</strong></span> <span class='ocrx_word' id='word_1_372' title='bbox 1041 3557 1073 3605; x_wconf 91' lang='lat' dir='ltr'><strong>de</strong></span> <span class='ocrx_word' id='word_1_373' title='bbox 1089 3557 1177 3606; x_wconf 79' lang='lat' dir='ltr'><strong>Fratre</strong></span> <span class='ocrx_word' id='word_1_374' title='bbox 1192 3557 1303 3608; x_wconf 83' lang='lat' dir='ltr'><strong>Roberto</strong></span> 
     </span>
     <span class='ocr_line' id='line_1_45' title="bbox 250 3617 1302 3685; baseline 0.005 -18"><span class='ocrx_word' id='word_1_375' title='bbox 250 3617 313 3668; x_wconf 78' lang='lat' dir='ltr'><strong>dicto</strong></span> <span class='ocrx_word' id='word_1_376' title='bbox 336 3619 442 3681; x_wconf 89' lang='lat' dir='ltr'><strong>Blundo,</strong></span> <span class='ocrx_word' id='word_1_377' title='bbox 465 3636 546 3684; x_wconf 90' lang='lat' dir='ltr'><strong>nuper</strong></span> <span class='ocrx_word' id='word_1_378' title='bbox 566 3621 593 3670; x_wconf 90' lang='lat' dir='ltr'><strong>in</strong></span> <span class='ocrx_word' id='word_1_379' title='bbox 615 3621 730 3685; x_wconf 80' lang='lat' dir='ltr'><strong>ejusdem</strong></span> <span class='ocrx_word' id='word_1_380' title='bbox 752 3621 861 3670; x_wconf 81' lang='lat' dir='ltr'><strong>Eccleere</strong></span> <span class='ocrx_word' id='word_1_381' title='bbox 878 3621 989 3670; x_wconf 89' lang='lat' dir='ltr'><strong>Priorem</strong></span> <span class='ocrx_word' id='word_1_382' title='bbox 1011 3621 1097 3682; x_wconf 80' lang='lat' dir='ltr'><strong>electo,</strong></span> <span class='ocrx_word' id='word_1_383' title='bbox 1119 3621 1250 3684; x_wconf 74' lang='lat' dir='ltr'><strong>celebrate,</strong></span> <span class='ocrx_word' id='word_1_384' title='bbox 1272 3639 1302 3672; x_wconf 88' lang='lat' dir='ltr'><strong>sc</strong></span> 
     </span>
     <span class='ocr_line' id='line_1_46' title="bbox 252 3682 1303 3750; baseline 0.003 -17"><span class='ocrx_word' id='word_1_385' title='bbox 252 3682 404 3746; x_wconf 87' lang='lat' dir='ltr'><strong>quibusdem</strong></span> <span class='ocrx_word' id='word_1_386' title='bbox 423 3686 703 3748; x_wconf 85' lang='lat' dir='ltr'><strong>Execmmunicecionis‚</strong></span> <span class='ocrx_word' id='word_1_387' title='bbox 715 3686 897 3750; x_wconf 77' lang='lat' dir='ltr'><strong>suspensionis,</strong></span> <span class='ocrx_word' id='word_1_388' title='bbox 909 3690 936 3735; x_wconf 88' lang='lat' dir='ltr'><strong>et</strong></span> <span class='ocrx_word' id='word_1_389' title='bbox 947 3686 1080 3735; x_wconf 89' lang='lat' dir='ltr'><strong>interdicti</strong></span> <span class='ocrx_word' id='word_1_390' title='bbox 1091 3686 1237 3748; x_wconf 65' lang='lat' dir='ltr'><strong>Sentenciis</strong></span> <span class='ocrx_word' id='word_1_391' title='bbox 1248 3692 1303 3736; x_wconf 82' lang='lat' dir='ltr'><strong>tem</strong></span> 
     </span>
     <span class='ocr_line' id='line_1_47' title="bbox 250 3749 1302 3816; baseline 0.005 -19"><span class='ocrx_word' id='word_1_392' title='bbox 250 3763 295 3811; x_wconf 89' lang='lat' dir='ltr'><strong>per</strong></span> <span class='ocrx_word' id='word_1_393' title='bbox 316 3749 415 3800; x_wconf 87' lang='lat' dir='ltr'><strong>dietum</strong></span> <span class='ocrx_word' id='word_1_394' title='bbox 437 3751 596 3814; x_wconf 84' lang='lat' dir='ltr'><strong>Episcopum,</strong></span> <span class='ocrx_word' id='word_1_395' title='bbox 619 3767 696 3816; x_wconf 89' lang='lat' dir='ltr'><strong>quam</strong></span> <span class='ocrx_word' id='word_1_396' title='bbox 718 3767 762 3815; x_wconf 93' lang='lat' dir='ltr'><strong>per</strong></span> <span class='ocrx_word' id='word_1_397' title='bbox 783 3751 840 3800; x_wconf 90' lang='lat' dir='ltr'><strong>e&#39;us</strong></span> <span class='ocrx_word' id='word_1_398' title='bbox 862 3750 991 3808; x_wconf 87' lang='lat' dir='ltr'><strong>Officisles,</strong></span> <span class='ocrx_word' id='word_1_399' title='bbox 1013 3751 1118 3799; x_wconf 86' lang='lat' dir='ltr'><strong>diversis</strong></span> <span class='ocrx_word' id='word_1_400' title='bbox 1147 3752 1302 3815; x_wconf 89' lang='lat' dir='ltr'><strong>temporibus</strong></span> 
     </span>
     <span class='ocr_line' id='line_1_48' title="bbox 249 3814 1303 3878; baseline 0.006 -17"><span class='ocrx_word' id='word_1_401' title='bbox 249 3814 432 3877; x_wconf 79' lang='lat' dir='ltr'><strong>promulgatis3</strong></span> <span class='ocrx_word' id='word_1_402' title='bbox 460 3831 556 3865; x_wconf 87' lang='lat' dir='ltr'><strong>necnon</strong></span> <span class='ocrx_word' id='word_1_403' title='bbox 584 3820 610 3865; x_wconf 88' lang='lat' dir='ltr'><strong>et</strong></span> <span class='ocrx_word' id='word_1_404' title='bbox 634 3815 688 3865; x_wconf 81' lang='lat' dir='ltr'><strong>eliis</strong></span> <span class='ocrx_word' id='word_1_405' title='bbox 707 3815 765 3865; x_wconf 81' lang='lat' dir='ltr'><strong>Arti</strong></span> <span class='ocrx_word' id='word_1_406' title='bbox 808 3815 815 3826; x_wconf 90' lang='lat'>&#39;</span> <span class='ocrx_word' id='word_1_407' title='bbox 850 3831 933 3864; x_wconf 88' lang='lat' dir='ltr'><strong>coram</strong></span> <span class='ocrx_word' id='word_1_408' title='bbox 955 3815 1059 3865; x_wconf 79' lang='lat' dir='ltr'><strong>diversis</strong></span> <span class='ocrx_word' id='word_1_409' title='bbox 1085 3816 1226 3878; x_wconf 74' lang='lat' dir='ltr'><strong>iudicibus,</strong></span> <span class='ocrx_word' id='word_1_410' title='bbox 1248 3821 1303 3867; x_wconf 75' lang='lat' dir='ltr'><strong>teni</strong></span> 
     </span>
     <span class='ocr_line' id='line_1_49' title="bbox 249 3879 1303 3956; baseline 0.007 -31"><span class='ocrx_word' id='word_1_411' title='bbox 249 3879 399 3928; x_wconf 80' lang='lat' dir='ltr'><strong>auctoritate</strong></span> <span class='ocrx_word' id='word_1_412' title='bbox 418 3880 543 3928; x_wconf 75' lang='lat' dir='ltr'><strong>ordinarie</strong></span> <span class='ocrx_word' id='word_1_413' title='bbox 558 3896 635 3944; x_wconf 90' lang='lat' dir='ltr'><strong>qusm</strong></span> <span class='ocrx_word' id='word_1_414' title='bbox 654 3881 766 3944; x_wconf 75' lang='lat' dir='ltr'><strong>delegate</strong></span> <span class='ocrx_word' id='word_1_415' title='bbox 784 3880 860 3929; x_wconf 88' lang='lat' dir='ltr'><strong>motis</strong></span> <span class='ocrx_word' id='word_1_416' title='bbox 879 3885 906 3929; x_wconf 92' lang='lat' dir='ltr'><strong>et</strong></span> <span class='ocrx_word' id='word_1_417' title='bbox 924 3880 1100 3956; x_wconf 87' lang='lat' dir='ltr'><strong>pendentibus,</strong></span> <span class='ocrx_word' id='word_1_418' title='bbox 1112 3881 1215 3930; x_wconf 82' lang='lat' dir='ltr'><strong>suborta</strong></span> <span class='ocrx_word' id='word_1_419' title='bbox 1237 3887 1303 3932; x_wconf 89' lang='lat' dir='ltr'><strong>esset</strong></span> 
     </span>
     <span class='ocr_line' id='line_1_50' title="bbox 250 3943 1304 4008; baseline 0.004 -16"><span class='ocrx_word' id='word_1_420' title='bbox 250 3943 354 3992; x_wconf 72' lang='lat' dir='ltr'><strong>meten</strong></span> <span class='ocrx_word' id='word_1_421' title='bbox 371 3945 509 4007; x_wconf 88' lang='lat' dir='ltr'><strong>questionis</strong></span> <span class='ocrx_word' id='word_1_422' title='bbox 519 3961 526 4005; x_wconf 91' lang='lat'>;</span> <span class='ocrx_word' id='word_1_423' title='bbox 538 3947 649 4007; x_wconf 71' lang='lat' dir='ltr'><strong>taudem,</strong></span> <span class='ocrx_word' id='word_1_424' title='bbox 666 3946 786 3995; x_wconf 85' lang='lat' dir='ltr'><strong>bonorem</strong></span> <span class='ocrx_word' id='word_1_425' title='bbox 798 3950 825 3994; x_wconf 86' lang='lat' dir='ltr'><strong>et</strong></span> <span class='ocrx_word' id='word_1_426' title='bbox 835 3944 1047 4008; x_wconf 76' lang='lat' dir='ltr'><strong>tranquillitatem</strong></span> <span class='ocrx_word' id='word_1_427' title='bbox 1064 3945 1190 3995; x_wconf 88' lang='lat' dir='ltr'><strong>dictorum</strong></span> <span class='ocrx_word' id='word_1_428' title='bbox 1201 3947 1304 3996; x_wconf 87' lang='lat' dir='ltr'><strong>Domini</strong></span> 
     </span>
     <span class='ocr_line' id='line_1_51' title="bbox 250 4007 1303 4074; baseline 0.006 -18"><span class='ocrx_word' id='word_1_429' title='bbox 250 4007 366 4070; x_wconf 81' lang='lat' dir='ltr'><strong>Episcopi</strong></span> <span class='ocrx_word' id='word_1_430' title='bbox 382 4013 410 4058; x_wconf 88' lang='lat' dir='ltr'><strong>et</strong></span> <span class='ocrx_word' id='word_1_431' title='bbox 427 4010 535 4059; x_wconf 90' lang='lat' dir='ltr'><strong>Ecclesie</strong></span> <span class='ocrx_word' id='word_1_432' title='bbox 551 4010 711 4074; x_wconf 82' lang='lat' dir='ltr'><strong>Plymptonie</strong></span> <span class='ocrx_word' id='word_1_433' title='bbox 728 4010 827 4059; x_wconf 85' lang='lat' dir='ltr'><strong>utiliter</strong></span> <span class='ocrx_word' id='word_1_434' title='bbox 842 4009 1008 4070; x_wconf 75' lang='lat' dir='ltr'><strong>considerans,</strong></span> <span class='ocrx_word' id='word_1_435' title='bbox 1019 4011 1188 4073; x_wconf 75' lang='lat' dir='ltr'><strong>procuratorio</strong></span> <span class='ocrx_word' id='word_1_436' title='bbox 1202 4012 1303 4061; x_wconf 91' lang='lat' dir='ltr'><strong>nomine</strong></span> 
     </span>
     <span class='ocr_line' id='line_1_52' title="bbox 250 4071 1304 4140; baseline 0.007 -20"><span class='ocrx_word' id='word_1_437' title='bbox 250 4071 392 4135; x_wconf 74' lang='lat' dir='ltr'><strong>subprioris</strong></span> <span class='ocrx_word' id='word_1_438' title='bbox 404 4078 430 4123; x_wconf 88' lang='lat' dir='ltr'><strong>et</strong></span> <span class='ocrx_word' id='word_1_439' title='bbox 442 4075 588 4124; x_wconf 81' lang='lat' dir='ltr'><strong>Conventus</strong></span> <span class='ocrx_word' id='word_1_440' title='bbox 598 4075 775 4138; x_wconf 79' lang='lat' dir='ltr'><strong>predictorum,</strong></span> <span class='ocrx_word' id='word_1_441' title='bbox 787 4089 940 4138; x_wconf 79' lang='lat' dir='ltr'><strong>recognosco,</strong></span> <span class='ocrx_word' id='word_1_442' title='bbox 952 4075 1066 4131; x_wconf 87' lang='lat' dir='ltr'><strong>concedo.</strong></span> <span class='ocrx_word' id='word_1_443' title='bbox 1080 4080 1107 4124; x_wconf 87' lang='lat' dir='ltr'><strong>et</strong></span> <span class='ocrx_word' id='word_1_444' title='bbox 1117 4076 1227 4124; x_wconf 89' lang='lat' dir='ltr'><strong>assencio</strong></span> <span class='ocrx_word' id='word_1_445' title='bbox 1235 4078 1304 4140; x_wconf 84' lang='lat' dir='ltr'><strong>quod</strong></span> 
     </span>
     <span class='ocr_line' id='line_1_53' title="bbox 252 4135 1305 4204; baseline 0.005 -20"><span class='ocrx_word' id='word_1_446' title='bbox 252 4135 320 4186; x_wconf 88' lang='lat' dir='ltr'><strong>idem</strong></span> <span class='ocrx_word' id='word_1_447' title='bbox 331 4137 455 4188; x_wconf 88' lang='lat' dir='ltr'><strong>Dominus</strong></span> <span class='ocrx_word' id='word_1_448' title='bbox 465 4139 603 4202; x_wconf 84' lang='lat' dir='ltr'><strong>Episcopus</strong></span> <span class='ocrx_word' id='word_1_449' title='bbox 614 4140 639 4188; x_wconf 92' lang='lat' dir='ltr'><strong>in</strong></span> <span class='ocrx_word' id='word_1_450' title='bbox 652 4139 738 4204; x_wconf 87' lang='lat' dir='ltr'><strong>primis</strong></span> <span class='ocrx_word' id='word_1_451' title='bbox 749 4139 842 4188; x_wconf 83' lang='lat' dir='ltr'><strong>habeat</strong></span> <span class='ocrx_word' id='word_1_452' title='bbox 858 4139 983 4202; x_wconf 84' lang='lat' dir='ltr'><strong>pacificam</strong></span> <span class='ocrx_word' id='word_1_453' title='bbox 992 4139 1171 4202; x_wconf 85' lang='lat' dir='ltr'><strong>possessionem</strong></span> <span class='ocrx_word' id='word_1_454' title='bbox 1182 4140 1222 4188; x_wconf 82' lang='lat' dir='ltr'><strong>vel</strong></span> <span class='ocrx_word' id='word_1_455' title='bbox 1233 4142 1305 4204; x_wconf 85' lang='lat' dir='ltr'><strong>quasi</strong></span> 
     </span>
     <span class='ocr_line' id='line_1_54' title="bbox 252 4200 1305 4268; baseline 0.007 -19"><span class='ocrx_word' id='word_1_456' title='bbox 252 4200 374 4252; x_wconf 75' lang='lat' dir='ltr'><strong>custodie</strong></span> <span class='ocrx_word' id='word_1_457' title='bbox 384 4203 437 4264; x_wconf 82' lang='lat' dir='ltr'><strong>(sic)</strong></span> <span class='ocrx_word' id='word_1_458' title='bbox 450 4204 578 4254; x_wconf 85' lang='lat' dir='ltr'><strong>Prioretus</strong></span> <span class='ocrx_word' id='word_1_459' title='bbox 590 4204 756 4268; x_wconf 84' lang='lat' dir='ltr'><strong>Plymptonie,</strong></span> <span class='ocrx_word' id='word_1_460' title='bbox 769 4204 823 4268; x_wconf 87' lang='lat' dir='ltr'><strong>ipso</strong></span> <span class='ocrx_word' id='word_1_461' title='bbox 834 4209 945 4264; x_wconf 79' lang='lat' dir='ltr'><strong>recente,</strong></span> <span class='ocrx_word' id='word_1_462' title='bbox 956 4205 1055 4267; x_wconf 90' lang='lat' dir='ltr'><strong>qualem</strong></span> <span class='ocrx_word' id='word_1_463' title='bbox 1068 4205 1254 4254; x_wconf 86' lang='lat' dir='ltr'><strong>Predeoessores</strong></span> <span class='ocrx_word' id='word_1_464' title='bbox 1264 4207 1305 4256; x_wconf 91' lang='lat' dir='ltr'><strong>sui</strong></span> 
     </span>
     <span class='ocr_line' id='line_1_55' title="bbox 250 4265 1304 4332; baseline 0.006 -18"><span class='ocrx_word' id='word_1_465' title='bbox 250 4265 342 4316; x_wconf 88' lang='lat' dir='ltr'><strong>hebere</strong></span> <span class='ocrx_word' id='word_1_466' title='bbox 358 4274 549 4329; x_wconf 83' lang='lat' dir='ltr'><strong>consueverunt,</strong></span> <span class='ocrx_word' id='word_1_467' title='bbox 567 4273 594 4318; x_wconf 91' lang='lat' dir='ltr'><strong>et</strong></span> <span class='ocrx_word' id='word_1_468' title='bbox 609 4285 639 4318; x_wconf 85' lang='lat' dir='ltr'><strong>ea</strong></span> <span class='ocrx_word' id='word_1_469' title='bbox 654 4269 754 4332; x_wconf 73' lang='lat' dir='ltr'><strong>pacifice</strong></span> <span class='ocrx_word' id='word_1_470' title='bbox 771 4273 861 4318; x_wconf 89' lang='lat' dir='ltr'><strong>utatur</strong></span> <span class='ocrx_word' id='word_1_471' title='bbox 877 4273 904 4317; x_wconf 91' lang='lat' dir='ltr'><strong>et</strong></span> <span class='ocrx_word' id='word_1_472' title='bbox 920 4269 1010 4332; x_wconf 79' lang='lat' dir='ltr'><strong>quieta</strong></span> <span class='ocrx_word' id='word_1_473' title='bbox 1050 4269 1122 4329; x_wconf 80' lang='lat' dir='ltr'><strong>Item,</strong></span> <span class='ocrx_word' id='word_1_474' title='bbox 1134 4271 1304 4332; x_wconf 76' lang='lat' dir='ltr'><strong>procuratorio</strong></span> 
     </span>
     <span class='ocr_line' id='line_1_56' title="bbox 251 4331 1305 4396; baseline 0.008 -19"><span class='ocrx_word' id='word_1_475' title='bbox 251 4331 353 4382; x_wconf 86' lang='lat' dir='ltr'><strong>nornine</strong></span> <span class='ocrx_word' id='word_1_476' title='bbox 375 4333 525 4396; x_wconf 83' lang='lat' dir='ltr'><strong>Subprioris,</strong></span> <span class='ocrx_word' id='word_1_477' title='bbox 553 4333 668 4395; x_wconf 61' lang='lat' dir='ltr'><strong>secieto,</strong></span> <span class='ocrx_word' id='word_1_478' title='bbox 692 4333 815 4394; x_wconf 83' lang='lat' dir='ltr'><strong>Cantoris,</strong></span> <span class='ocrx_word' id='word_1_479' title='bbox 838 4333 962 4394; x_wconf 88' lang='lat' dir='ltr'><strong>Celeran&#39;i,</strong></span> <span class='ocrx_word' id='word_1_480' title='bbox 990 4333 1130 4394; x_wconf 81' lang='lat' dir='ltr'><strong>Senesoslli,</strong></span> <span class='ocrx_word' id='word_1_481' title='bbox 1153 4349 1251 4384; x_wconf 92' lang='lat' dir='ltr'><strong>necnon</strong></span> <span class='ocrx_word' id='word_1_482' title='bbox 1277 4341 1305 4385; x_wconf 92' lang='lat' dir='ltr'><strong>et</strong></span> 
     </span>
     <span class='ocr_line' id='line_1_57' title="bbox 251 4395 1304 4465; baseline 0.007 -21"><span class='ocrx_word' id='word_1_483' title='bbox 251 4395 399 4448; x_wconf 81' lang='lat' dir='ltr'><strong>Conventus</strong></span> <span class='ocrx_word' id='word_1_484' title='bbox 421 4397 588 4464; x_wconf 75' lang='lat' dir='ltr'><strong>Plymptonie,</strong></span> <span class='ocrx_word' id='word_1_485' title='bbox 611 4398 741 4451; x_wconf 86' lang='lat' dir='ltr'><strong>humiliter</strong></span> <span class='ocrx_word' id='word_1_486' title='bbox 763 4403 824 4464; x_wconf 90' lang='lat' dir='ltr'><strong>peto</strong></span> <span class='ocrx_word' id='word_1_487' title='bbox 845 4399 922 4465; x_wconf 86' lang='lat' dir='ltr'><strong>quod,</strong></span> <span class='ocrx_word' id='word_1_488' title='bbox 945 4402 1046 4465; x_wconf 86' lang='lat' dir='ltr'><strong>recepto</strong></span> <span class='ocrx_word' id='word_1_489' title='bbox 1069 4403 1226 4450; x_wconf 64' lang='lat' dir='ltr'><strong>summonte</strong></span> <span class='ocrx_word' id='word_1_490' title='bbox 1247 4415 1304 4451; x_wconf 92' lang='lat' dir='ltr'><strong>meo</strong></span> 
     </span>
    </p>
   </div>
   <div class='ocr_carea' id='block_1_5' title="bbox 304 4481 329 4552">
    <p class='ocr_par' dir='ltr' id='par_1_6' title="bbox 304 4481 329 4552">
     <span class='ocr_line' id='line_1_58' title="bbox 304 4481 329 4552; baseline 0 0"><span class='ocrx_word' id='word_1_491' title='bbox 304 4481 329 4552; x_wconf 74' lang='lat' dir='ltr'>Q</span> 
     </span>
    </p>
   </div>
   <div class='ocr_carea' id='block_1_6' title="bbox 0 0 1626 5100">
    <p class='ocr_par' dir='ltr' id='par_1_7' title="bbox 0 0 1626 5100">
     <span class='ocr_line' id='line_1_59' title="bbox 0 0 1626 5100; baseline 0 3"><span class='ocrx_word' id='word_1_492' title='bbox 0 0 1626 5100; x_wconf 95' lang='lat' dir='ltr'><strong> </strong></span> 
     </span>
    </p>
   </div>
  </div>
 </body>
</html>
