3242 5100
307 444 380 513 240
559 461 693 516 amnon
709 436 1014 515 saonmconmn's
1031 460 1214 517 semema

307 612 356 682 st.
371 613 705 683 Allan—continued.

402 719 503 781 nostris,
517 724 606 769 contra
622 720 762 769 Libertates
778 718 895 781 llcclesie,
908 719 970 769 Jurs
987 723 1014 769 et
1031 718 1233 771 consuetudines
1250 720 1337 785 Regni,
1354 719 1458 785 injurius

403 785 512 848 dampna
522 790 550 834 et
560 786 686 834 molestias
702 785 798 848 injuste
808 784 1060 849 irrogarunt-quod
1071 786 1234 849 personaliter
1245 790 1403 849 compareant
1414 801 1457 849 pne

402 849 499 899 foribus
516 850 618 913 Maioris
635 850 744 898 Ecclesia
760 849 831 898 Beati
848 850 918 897 Petri
935 850 1088 911 Exoniensis,
1101 850 1127 899 in
1139 851 1247 900 crastino
1258 852 1344 901 Sancti
1355 852 1457 913 l'home,

403 915 513 964 liertiris
524 914 567 978 [30
578 915 657 976 DenJ,
664 914 722 963 lesis
733 918 760 962 et
769 914 878 977 gravatis
889 914 1007 977 personis,
1016 914 1109 978 singuli
1120 916 1146 964 in
1157 916 1210 965 suis
1220 916 1345 979 gradibus,
1356 916 1458 978 condig-

403 994 462 1029 nam
482 980 614 1029 emendum
630 985 658 1028 et
673 978 867 1027 satisfaccionem
887 994 962 1041 super
980 980 1106 1042 premissis
1117 982 1253 1044 prestituri
1288 980 1457 1041 Denuncietis,

402 1044 488 1105 eciam
501 1043 605 1107 prefatis
615 1044 726 1107 personis
737 1043 793 1091 lesis
805 1048 832 1091 et
842 1044 950 1105 ginvatis
962 1044 1037 1105 quod,
1049 1044 1123 1093 dictis
1134 1046 1175 1094 dic
1186 1050 1213 1095 st
1223 1046 1283 1105 loco,
1300 1050 1459 1109 compereant

402 1124 491 1172 perse,
503 1110 595 1172 velper
606 1113 776 1171 procuratores
792 1108 909 1171 ydoneos,
921 1113 947 1157 et
958 1108 1153 1158 satisfaccionem
1169 1115 1197 1159 et
1212 1112 1343 1159 emendem
1360 1111 1459 1160 mueni-

402 1188 458 1223 cam
476 1174 607 1237 recepturi
642 1174 721 1233 Hanc,
741 1177 835 1235 autem,
853 1173 1072 1222 denuncieciouam
1090 1175 1122 1223 ad
1140 1190 1271 1238 personam
1290 1175 1388 1224 Nobilis
1405 1175 1458 1223 Viri

403 1238 510 1288 Comitis
530 1238 656 1288 cornubie
672 1238 817 1286 autumnus
834 1238 937 1286 extendi
956 1237 1072 1287 volumus
1087 1254 1131 1288 seu
1148 1240 1304 1289 mandamus
1345 1240 1458 1300 Quodsi

402 1318 453 1352 non
464 1304 539 1353 ambo
550 1304 598 1352 hiis
609 1303 760 1365 exequendis
775 1302 895 1350 interesse
912 1302 1032 1364 poteritis,
1045 1303 1108 1352 alter
1118 1308 1315 1354 rutrum-non
1328 1308 1458 1367 expectata

403 1374 574 1418 senercusata
580 1367 876 1430 alteriuspresencia—eu
885 1367 1060 1416 nichilominus
1069 1374 1214 1431 exequatur.
1235 1370 1354 1431 Qualiter,
1364 1374 1458 1431 autem,

404 1448 505 1495 presens
524 1434 673 1483 liandatum
692 1436 808 1480 nostrum
825 1430 925 1479 fueritis
942 1432 1049 1492 exeunti
1067 1447 1120 1493 nos,
1133 1433 1209 1483 dictis
1228 1434 1270 1483 die
1290 1440 1318 1483 et
1334 1434 1395 1495 loco,
1414 1450 1459 1497 per

405 1498 502 1547 literas
512 1503 607 1546 vestras
627 1498 745 1546 Pateutes
755 1497 846 1544 harum
857 1496 946 1545 scriem
957 1496 1121 1557 continentes,
1129 1498 1241 1547 reddetis
1252 1499 1382 1560 cerciores;
1399 1500 1438 1549 58.

372 1561 448 1612 Anno
464 1568 491 1611 st
505 1563 559 1611 loco
572 1562 673 1622 eisdem,
688 1577 722 1610 xv
738 1561 864 1609 Kalendas
881 1561 995 1611 Janusrii
1012 1559 1054 1624 [18
1070 1563 1139 1622 Dec,
1157 1560 1454 1627 1274-ae0hudlsigh],

404 1627 483 1676 exivit
494 1627 578 1676 litem
588 1626 636 1675 sub
647 1626 693 1675 hec
703 1626 794 1675 forma:
805 1624 939 1685 Walterus,
949 1626 996 1674 Dei
1006 1628 1087 1689 gracia
1096 1626 1242 1676 Exouiensis
1254 1627 1399 1691 Episcopus,
1408 1634 1455 1678 etc.

406 1692 511 1742 Officiali
522 1691 647 1741 cornubie
665 1691 784 1740 stc-Ut
797 1705 814 1738 a
824 1690 956 1753 tidedignis
972 1691 1121 1751 audivimus,
1130 1692 1189 1740 talis
1206 1708 1274 1741 error
1292 1693 1319 1741 in
1332 1693 1458 1743 Oomubis

404 1757 597 1821 dampnabiliter
611 1757 665 1820 jam
679 1755 788 1804 invaluit
799 1761 830 1804 ut
841 1756 950 1818 quidum,
963 1756 1015 1804 suis
1031 1757 1126 1805 meritis
1138 1757 1303 1819 exigentibus,
1315 1774 1359 1821 per
1371 1758 1458 1807 Domi·

405 1837 469 1871 num
481 1820 685 1870 Cantuariensem
696 1820 845 1868 nominatim
858 1820 1066 1869 excommunicasti
1083 1820 1181 1883 publice
1192 1822 1343 1885 denuncieti,
1356 1824 1459 1872 credant

404 1886 452 1936 sibi
463 1887 543 1953 licere,
555 1885 678 1934 Beneficio
689 1885 861 1934 Absolucionis
873 1886 986 1934 nondum
997 1887 1108 1946 obtento,
1121 1886 1215 1935 Christi
1228 1887 1355 1937 Fidelibus
1366 1888 1458 1951 passim

404 1957 432 2002 et
461 1950 607 2000 indistincte
633 1949 822 2011 communicare,
849 1965 879 1999 eo
904 1954 1021 2013 pretextu
1053 1950 1122 2013 qnod
1151 1951 1184 1999 de
1212 1952 1302 2001 stando
1335 1952 1461 2002 Mendetis

405 2016 514 2065 Ecclesia
529 2016 703 2080 juramentum
718 2015 885 2077 prestiterunt
901 2015 1032 2079 corporale,
1050 2015 1089 2064 vel
1106 2016 1132 2063 in
1150 2015 1226 2065 Curia
1243 2017 1417 2067 Cantuariensi
1433 2034 1459 2066 se

405 2085 521 2130 asserunt
536 2079 664 2129 absolutos
673 2080 707 2128 ad
716 2080 846 2129 cautelam.
897 2079 979 2137 Unde,
994 2095 1026 2128 ne
1036 2095 1081 2143 per
1091 2080 1238 2143 hujusmodi
1249 2096 1357 2131 errorem
1373 2082 1461 2131 illicita

405 2148 438 2195 de
455 2150 537 2195 cetero
554 2161 611 2195 cum
632 2145 778 2209 hujusmodi
797 2144 1018 2193 excommunicatis
1037 2160 1082 2207 per
1099 2145 1194 2194 Christi
1210 2146 1308 2195 Fideles
1323 2146 1369 2196 fiat
1386 2148 1459 2197 com·

406 2211 500 2272 munio,
518 2225 652 2275 perquam
669 2210 736 2259 Grex
753 2208 900 2257 Dominicus
915 2209 1062 2269 maculetur,
1083 2210 1154 2259 vobis
1171 2211 1320 2261 mandemus
1338 2212 1459 2275 quatinus

405 2276 505 2340 publice
516 2274 671 2324 denuncietis
683 2274 805 2323 universis
816 2278 843 2322 et
853 2273 958 2336 siugulis
968 2289 1001 2323 ne
1013 2274 1115 2337 prefatis
1126 2275 1354 2337 excommunicetis,
1366 2292 1457 2339 quous·

405 2357 455 2405 que
466 2341 618 2390 Beneficium
630 2338 803 2388 Absolucionis
811 2338 924 2401 optinere
932 2339 1076 2399 meruerint,
1084 2340 1110 2388 in
1119 2356 1177 2389 casu
1186 2340 1264 2404 ajuro
1272 2356 1323 2390 non
1332 2341 1459 2405 permisso,

404 2406 753 2520 oemmffimffhpmi'iint’
766 2419 811 2467 per
827 2403 894 2467 quod
909 2419 926 2452 a
939 2404 1129 2467 participacione
1147 2406 1372 2468 sacramentorum,
1391 2408 1460 2469 quod

406 2472 458 2521 absi
541 2475 553 2519 t
588 2470 655 2529 'eni3
717 2506 724 2518 .

373 2476 518 2599 Annntdie,
529 2539 556 2586 et
566 2535 620 2584 loco
630 2535 723 2584 eisdem
735 2531 762 2598 [8
773 2530 855 2594 Jan.,²
868 2532 977 2595 1274-51,
989 2534 1056 2594 apud
1075 2534 1154 2599 Glyst,
1170 2534 1249 2585 exivit
1260 2536 1344 2587 Liters
1354 2535 1402 2586 sub
1412 2535 1460 2587 hec

405 2602 486 2650 iorma
496 2601 667 2660 z-Wslterus,
680 2599 736 2662 dcc,
747 2599 840 2649 dilecto
851 2599 902 2649 filio
911 2599 1030 2662 Magistro
1041 2599 1137 2649 Thomu
1148 2601 1179 2650 de
1191 2599 1324 2661 Boclonde,
1337 2602 1461 2652 canonico

406 2666 582 2722 criditouensl,
601 2665 716 2723 mlutcm,
738 2664 854 2728 graciam
874 2669 901 2714 et
928 2664 1235 2716 benediccionem-Cum
1256 2681 1301 2717 nos
1318 2669 1459 2717 venumda

405 2731 561 2780 discrecionis
570 2730 630 2788 viro,
644 2730 736 2780 dilecto
752 2729 803 2779 filio
820 2729 920 2778 Decauo
937 2730 1078 2789 Exonimsi
1091 2731 1122 2778 ad
1134 2730 1303 2794 recipiendum
1315 2733 1458 2782 canonicam

406 2797 538 2844 emendam
556 2796 588 2844 ab
602 2794 651 2844 hiis
671 2795 702 2843 de
718 2793 844 2844 Comubie
860 2794 905 2857 qui
924 2799 1012 2843 contre
1028 2795 1163 2844 Ecclesiam
1182 2797 1356 2856 Exoniensem,
1368 2813 1420 2858 uos,
1433 2802 1459 2848 et

406 2861 562 2910 Successores
583 2864 689 2919 nostros,
714 2859 911 2909 Ecclesiasticam
938 2859 1082 2908 libertatem
1103 2860 1226 2920 violando,
1249 2862 1459 2925 conspiracionem

406 2926 533 2988 quandam
544 2928 718 2988 conceperrmt,
730 2929 757 2972 et
767 2928 892 2987 qnantum
904 2923 930 2972 in
942 2923 977 2972 eis
993 2924 1044 2972 iuit
1060 2924 1175 2973 malivole
1185 2924 1324 2976 voluntatis
1334 2926 1457 2977 instinctu

405 2989 432 3039 in
443 2990 560 3038 effectum
570 2989 752 3052 produxerunt,
763 3003 861 3036 necnon
872 2993 899 3037 et
917 2989 949 3036 ad
965 2988 1141 3051 hujuscemodi
1152 2988 1314 3038 violatoribus
1326 2991 1457 3041 Ecclesias-

404 3055 454 3104 tice
470 3053 593 3103 libertatis
609 3053 712 3116 Maioris
736 3053 1009 3101 Exccmmunicacionis
1026 3053 1158 3101 Seutencia
1176 3069 1192 3103 a
1211 3053 1312 3103 canone
1332 3055 1383 3103 lats
1401 3071 1458 3105 con·

404 3119 506 3178 strictis,
524 3118 681 3167 contricionis
700 3118 732 3166 de
747 3117 886 3166 commissis
907 3117 978 3178 signa
999 3116 1174 3179 figurantibus,
1191 3118 1330 3180 penitencie
1346 3120 1459 3170 iructum

404 3183 453 3233 sibi
468 3182 590 3246 impertiri
606 3183 764 3246 postulando,
775 3181 948 3231 Absolucionis
959 3181 1111 3230 Beneficium
1126 3181 1323 3244 impendendum
1334 3185 1383 3234 sub
1393 3191 1462 3236 carta

404 3248 486 3297 forma
507 3248 678 3298 commisimus
693 3247 759 3296 vices
780 3247 884 3296 nostrus
919 3247 1063 3307 Pensantes,
1080 3250 1174 3308 temen,
1191 3251 1262 3297 tante
1278 3250 1461 3313 magnitudinis

405 3313 497 3362 Virum
508 3312 561 3361 sine
571 3313 693 3376 adjuncto
705 3312 732 3360 in
740 3311 786 3360 hac
797 3315 876 3374 purte,
888 3310 993 3360 aliorum
1004 3311 1164 3374 negociorum
1175 3313 1325 3364 distramum
1337 3315 1459 3365 instancia

405 3393 477 3442 posse
492 3376 667 3440 multipliciter
685 3375 833 3440 pregrarari,
845 3375 891 3424 tibi
911 3377 1060 3425 mandemus
1076 3377 1196 3439 quatinus
1212 3377 1240 3427 in
1257 3379 1345 3428 eodem
1353 3381 1458 3443 negocio

405 3446 545 3492 memorato
556 3442 638 3491 eidem
650 3441 750 3490 Decano
761 3439 897 3489 Exouiensi
909 3441 1033 3501 enhteue,
1043 3443 1182 3491 secundum
1191 3444 1275 3492 Deum
1287 3448 1314 3494 et
1324 3445 1458 3508 justiciam,

406 3509 439 3558 ad
457 3507 577 3556 honorem
595 3505 710 3564 Ecclesia,
720 3505 869 3569 hujusmodi
883 3511 1075 3569 transgressores
1091 3512 1137 3556 tus
1153 3524 1270 3571 procures
1286 3510 1422 3573 pmdencia
1432 3510 1459 3559 in

406 3573 497 3623 Sinum
508 3571 620 3621 dictricis
637 3571 745 3620 Ecclesia
755 3570 871 3632 revocari,
883 3571 969 3620 taliter
986 3571 1013 3620 in
1030 3571 1177 3635 hujusmodi
1196 3589 1312 3636 processu
1327 3575 1422 3638 negocii
1433 3579 1460 3624 te

404 3638 555 3752 gsseLegdeggrt
565 3634 697 3700 diligencia
711 3641 756 3685 tua
771 3651 787 3684 a
801 3635 873 3685 nobis
889 3635 979 3685 merito
996 3636 1200 3687 commendabilis
1216 3639 1275 3687 inde
1291 3640 1371 3702 possit
1386 3655 1458 3703 repu-

373 3768 455 3828 snno,
472 3739 668 3830 latua,
683 3765 724 3814 en
742 3765 846 3814 nenses
865 3765 979 3829 proxima
996 3770 1053 3830 pon
1072 3765 1173 3816 cuce
1192 3767 1215 3829 [1
1237 3767 1331 3829 nee,
1349 3766 1461 3832 mian,

405 3832 485 3882 exivit
497 3832 582 3881 Litera
591 3831 639 3880 sub
649 3831 696 3879 hac
706 3830 787 3879 forma
799 3831 971 3891 2-Walterus,
983 3836 1062 3891 etc,.
1090 3869 1096 3881 .
1121 3868 1126 3880 .
1155 3832 1252 3881 dilectis
1263 3831 1321 3882 filiis
1332 3833 1461 3896 Prepesito

405 3898 438 3947 de
454 3897 579 3961 Glesneye
596 3901 623 3945 et
639 3895 743 3946 Officiali
758 3895 932 3944 Archidisconi
950 3896 1075 3946 cornubie
1091 3897 1206 3958 salutem,
1217 3897 1333 3960 graciam,
1350 3902 1377 3946 et
1388 3897 1460 3947 bene·
1546 3937 1560 3962 ,

405 3961 767 4012 diceionem.-Monicionibus
788 3976 804 4009 s
825 3960 939 4024 patiente
959 3961 1093 4024 incognitis
1112 3961 1196 4025 ipsum
1215 3964 1248 4011 ad
1270 3962 1403 4012 interitum
1429 3963 1461 4012 de

308 4121 318 4154 ¹
335 4124 362 4188 vj
375 4123 438 4172 Idus
450 4123 571 4173 ianuarii
944 4135 1012 4170 seme
1023 4121 1111 4171 words
1136 4121 1330 4187 Anoteworthy
1341 4123 1463 4175 variation

308 4187 320 4220 ²
336 4188 398 4236 This
409 4189 556 4237 Documeut
568 4187 590 4235 is
600 4186 714 4236 followed
731 4186 767 4250 by
777 4201 793 4234 a
803 4201 867 4249 copy
948 4185 1017 4235 is-“
1025 4190 1097 4236 tante
1108 4187 1289 4251 magnitudinis
1300 4188 1359 4239 mole
1381 4225 1386 4238 .
1406 4225 1413 4240 .
1433 4225 1439 4240 .
1457 4227 1463 4240 .

341 4253 369 4301 oi
384 4253 430 4301 the
448 4252 565 4316 Bishop’s
582 4252 670 4301 letter
685 4256 713 4301 to
726 4250 770 4299 the
786 4251 866 4311 Desu,
948 4265 1077 4314 personam
1088 4257 1197 4303 vennam
1220 4289 1226 4302 .
1248 4290 1255 4305 .
1274 4289 1281 4306 .
1300 4255 1465 4322 pregmvari.”

341 4323 369 4372 tc
379 4318 426 4373 the
437 4331 506 4368 seme
517 4317 594 4370 effect
609 4316 660 4370 aud
676 4315 704 4366 in
719 4315 805 4385 nearly
822 4315 867 4365 the
