3242 5100
299 457 371 536 288
523 486 660 539 mesor
677 467 981 543 anouascouan'e
998 491 1196 545 eucissus.

843 643 905 709 ΙΙΙ.

297 766 411 850 [Vuae
433 768 553 835 costel
575 770 689 835 Pauus
710 787 754 836 ec
777 772 943 837 Sncuunn
967 773 1209 838 Fuunacrours
1232 771 1446 838 Seucaonuu

383 857 512 919 Anam
534 873 577 921 ar
598 857 775 922 Jouaums
797 860 1000 944 Berresrne]

359 983 552 1036 ercomenon
563 986 631 1048 quod
642 986 707 1037 circa
717 988 804 1036 Annos
816 988 917 1037 Domini
931 988 1050 1039 uotxx
1061 993 1088 1038 et
1100 988 1179 1051 Regni
1195 988 1268 1051 Regis
1281 986 1390 1046 Henrici,
1402 986 1449 1035 fllii

393 1049 558 1112 Inperatricis‚
571 1051 692 1111 xum,
704 1053 730 1100 in
741 1056 854 1115 tempore
872 1053 1047 1113 Bartholomei‚
1060 1054 1176 1117 Episcopi
1188 1053 1342 1111 onnieneie
1353 1051 1447 1101 Willel·

392 1129 449 1162 mus
469 1114 583 1175 Prodom,
606 1116 673 1165 filius
695 1117 829 1179 Radulphi,
853 1118 982 1166 Fundetur
1004 1119 1141 1181 Hospitalis
1163 1118 1248 1169 Sancti
1270 1118 1353 1167 Alexii
1380 1121 1448 1166 retro

392 1179 573 1229 Honesterinm
589 1182 674 1230 Sancti
691 1181 812 1241 Nicholai,
823 1182 969 1245 impetravit
980 1187 1071 1232 terrem
1083 1183 1130 1232 loci
1141 1184 1255 1246 ejusdem
1267 1182 1404 1245 Hospitalis
1415 1182 1447 1229 ab

392 1244 491 1293 Abbats
507 1245 617 1294 Waltero
633 1246 720 1295 Sancti
736 1246 839 1295 Martini
855 1248 886 1295 de
905 1248 972 1296 Bello
988 1252 1015 1297 et
1032 1248 1087 1311 ejus
1105 1249 1244 1307 conventu,
1257 1247 1317 1296 olim
1334 1252 1448 1295 vocatam

396 1308 515 1372 llliebery.
550 1310 648 1359 Deinde
662 1310 695 1359 ab
711 1312 810 1360 abbate
828 1312 922 1373 Odoae,
934 1328 991 1361 cum
1010 1314 1121 1375 predicto
1139 1313 1279 1373 Conventa,
1292 1311 1450 1361 bsbuitcon-

394 1372 562 1423 firmacionem
574 1376 636 1424 dicti
646 1375 694 1425 loci
708 1375 846 1439 Hospitalis
862 1377 975 1440 predicti,
992 1382 1023 1426 ut
1040 1378 1075 1426 sit
1091 1378 1154 1426 liber
1170 1383 1196 1427 et
1213 1378 1315 1440 quietus
1330 1376 1362 1425 ab
1379 1375 1450 1425 omni

392 1440 574 1489 consuetudine
584 1446 612 1489 et
621 1441 767 1498 exaccione;
784 1447 817 1490 ut
826 1447 898 1505 patet
909 1442 1013 1492 inferius
1028 1459 1067 1493 :—

426 1520 512 1570 Sciant
520 1527 646 1584 presentes
657 1527 684 1571 et
691 1522 772 1572 futuri
780 1523 848 1586 qnod
857 1538 902 1586 ego
913 1524 977 1584 Ode,
988 1523 1036 1572 Dei
1048 1524 1131 1587 gracia
1141 1523 1226 1573 Abbas
1242 1522 1351 1573 Ecclesia
1362 1522 1450 1572 Sancti

394 1585 496 1635 Martini
507 1587 539 1635 de
550 1587 627 1648 Bello,
638 1603 760 1636 consensu
771 1592 798 1635 et
809 1588 940 1638 voluntate
953 1589 1034 1637 tocius
1051 1589 1196 1639 Conventus
1207 1588 1321 1651 ejusdem
1332 1587 1448 1647 Ecclesia,

395 1651 505 1701 concessi
518 1652 652 1713 willelmo,
668 1652 719 1701 lilio
736 1652 870 1715 Redulphi,
885 1658 982 1715 partem
997 1658 1062 1703 terre
1082 1652 1150 1703 illine
1166 1668 1243 1717 quam
1259 1652 1379 1715 Illesbery
1397 1650 1451 1714 (u'c)

393 1721 491 1775 vocant,
502 1733 518 1765 a
528 1718 649 1781 superiori
659 1717 750 1781 angulo
761 1718 876 1781 ejusdem
887 1724 954 1767 terre
965 1732 1045 1781 usque
1053 1720 1085 1767 ad
1096 1718 1180 1767 locum
1188 1718 1288 1767 Adwini
1299 1716 1448 1781 carpentarii

393 1781 420 1830 in
431 1782 508 1830 teudo
519 1780 610 1844 flrma,⁸
620 1797 665 1846 per
675 1782 803 1831 redditum
821 1782 848 1845 iij
861 1782 997 1832 solidorum
1014 1798 1058 1846 per
1069 1798 1172 1843 annum,
1184 1782 1287 1832 liberam
1298 1787 1326 1832 et
1336 1782 1449 1845 quietam

393 1846 426 1895 ab
436 1847 505 1895 omni
522 1848 702 1897 consuetudins
713 1848 753 1896 vel
763 1848 900 1897 exaccione
951 1848 1006 1897 Hoc
1016 1848 1094 1897 θοίιπι
1106 1848 1262 1911 predecessor
1272 1862 1351 1907 meus,
1362 1846 1448 1896 Abbas

394 1911 527 1973 Walterus,
546 1914 621 1962 Carta
637 1916 662 1961 et
682 1912 762 1975 sigillo
778 1928 824 1961 eno
841 1912 863 1961 ei
880 1910 1042 1963 confirmavit.
1088 1913 1143 1962 Hoc
1158 1913 1201 1975 jue
1216 1916 1244 1961 et
1258 1912 1362 1961 feodum
1378 1911 1449 1961 istud

394 1980 479 2025 totum
493 1978 615 2027 wnoessit
630 1977 698 2026 idem
710 1977 858 2038 Willelmus,
870 1982 897 2027 et
907 1977 979 2026 dedit
994 1977 1146 2041 pauperibus
1162 1977 1252 2040 egenis,
1264 1981 1291 2025 et
1301 1976 1393 2027 statuit
1408 1975 1450 2024 bic

394 2041 443 2089 illis
462 2057 516 2091 ease
536 2042 665 2105 Hospitele
683 2041 710 2091 in
729 2047 877 2106 perpetuam
895 2042 1062 2103 elemosinam,
1083 2058 1127 2105 pro
1146 2042 1227 2093 salute
1246 2040 1329 2091 anime
1348 2056 1399 2101 sue,
1422 2044 1449 2090 et

394 2106 560 2157 Dominarum
576 2113 604 2157 et
619 2108 757 2157 Parentum
772 2122 884 2168 suorum,
896 2112 923 2156 et
933 2107 1014 2157 tocius
1031 2107 1155 2168 Civitatis,
1172 2112 1199 2156 et
1215 2107 1292 2155 eciam
1309 2122 1354 2170 pro
1368 2106 1450 2155 salust

394 2172 508 2220 omnium
525 2188 570 2235 pro
592 2171 685 2236 quibus
706 2172 802 2221 bonum
824 2177 863 2222 est
885 2172 1044 2222 elemosinam
1061 2172 1127 2233 dare,
1150 2186 1251 2221 assensu
1268 2176 1360 2221 nostru
1411 2170 1447 2219 Iit

394 2237 681 2300 placetnobis,obeunte
687 2236 986 2301 willelmoprediot0‚vel
993 2236 1105 2286 arctioris
1113 2236 1165 2286 vite
1172 2236 1289 2285 habitum
1297 2238 1448 2297 assumente,

395 2303 434 2351 rel
450 2302 557 2365 predicti
574 2302 711 2365 Hospitalis
726 2302 829 2351 alterius
841 2302 964 2365 Prepositi
976 2301 1106 2351 voluntate
1116 2317 1202 2351 curam
1213 2301 1350 2361 deserente,
1362 2300 1448 2350 nullus

393 2366 420 2415 in
436 2366 551 2431 ejusdem
568 2367 665 2416 Domus
680 2367 800 2431 regimine
817 2367 994 2430 qualicumque
1010 2367 1105 2416 astucia
1121 2366 1160 2415 vel
1173 2366 1356 2431 cujuscumque
1366 2369 1448 2429 potes·

392 2431 461 2494 tatii
468 2432 572 2481 arbitrio
585 2431 743 2495 subrogetur,
759 2436 799 2480 set
814 2447 890 2495 quem
904 2432 936 2480 ad
953 2432 1092 2481 custodiam
1111 2431 1189 2480 eciem
1209 2446 1348 2495 pauperum
1368 2430 1448 2491 (lives,

392 2497 437 2561 qui
457 2513 500 2546 eos
526 2496 666 2546 elemosinis
686 2497 739 2545 suis
761 2497 929 2546 sustentaturi
950 2501 1019 2557 sunt,
1041 2498 1181 2545 secundum
1208 2496 1291 2545 Deum
1319 2494 1446 2559 elegerint,

393 2568 541 2626 querentem
560 2563 667 2612 salntem
686 2567 714 2612 et
732 2561 870 2612 utilitatem
886 2577 1032 2625 pauperum,
1050 2563 1119 2611 etin
1136 2562 1253 2611 omnibus
1269 2575 1320 2611 non
1337 2576 1387 2624 que
1402 2576 1449 2610 sua

391 2633 453 2677 sunt
463 2633 502 2676 set
531 2643 562 2676 ue
571 2629 621 2676 lhu
630 2628 724 2678 Christi
730 2627 838 2676 fideliter
844 2629 1024 2676 attendentem
1054 2628 1102 2676 Pro
1109 2627 1162 2688 hac,
1169 2642 1235 2688 vero,
1244 2625 1360 2676 libertate
1367 2624 1449 2688 inper-

393 2697 500 2756 petuam
555 2693 644 2754 banda,
662 2693 813 2755 pauperibus
832 2693 904 2741 dedit
921 2692 1047 2755 predictus
1066 2690 1209 2741 willelmus
1231 2691 1340 2740 Ecclesie
1361 2690 1449 2741 Sancti

395 2758 509 2808 Nieholai
532 2758 679 2807 Exoniensis
700 2762 793 2807 terram
815 2773 892 2821 quem
916 2761 987 2806 tenet
1008 2758 1133 2806 Hubertua
1155 2757 1234 2817 Selic;
1260 2755 1368 2805 reddens
1390 2755 1449 2804 iude

393 2823 532 2884 annuatim,
544 2827 591 2872 eta
1210 2833 1211 2836 ’

428 2905 463 2954 Et
473 2905 597 2967 posterius
607 2905 650 2953 isti
657 2905 757 2953 lbstres
765 2904 850 2955 Sancti
860 2903 941 2952 Alexii
950 2903 1100 2966 regebantur
1107 2919 1152 2966 per
1160 2901 1317 2965 Magistrum,
1326 2905 1449 2964 tanquam

395 2969 560 3033 Principalem
587 2969 639 3018 sive
662 2969 800 3032 capitalem
823 2970 1004 3031 Preoeptorem,
1027 2968 1093 3017 sicut
1114 2972 1185 3031 patet
1206 2983 1251 3030 per
1273 2967 1374 3016 Cartam
1396 2981 1448 3014 xxx

394 3034 531 3083 solidorum
548 3034 662 3083 annualis
676 3035 792 3083 redditus
808 3035 841 3082 de
858 3035 989 3082 Lamecote
1001 3037 1028 3082 et
1038 3032 1133 3088 Emilt;
1152 3036 1179 3081 et
1189 3031 1292 3080 duravit
1307 3031 1449 3094 predictum

394 3099 525 3162 Hospitele
540 3115 585 3163 per
600 3099 729 3162 sexaginta
740 3103 767 3147 et
777 3100 863 3148 decem
880 3113 973 3156 auu0s;
992 3098 1065 3161 cujus
1082 3097 1201 3161 possessio
1218 3096 1270 3144 fuit
1287 3096 1410 3158 Hoperne,
1423 3099 1450 3144 at

393 3165 430 3228 iiij
443 3163 516 3214 solidi
526 3168 646 3214 neantes
657 3165 690 3213 de
699 3169 844 3213 tenemento
856 3163 947 3212 Priorie
958 3162 1083 3223 Tottonie,
1095 3167 1122 3211 et
1132 3165 1306 3210 tenementum
1317 3159 1415 3224 Pleghe

428 3247 563 3304 Posterius,
574 3246 638 3295 circa
648 3246 752 3295 Annum
769 3244 871 3294 Domini
889 3244 1058 3293 HOCXLmum
1069 3248 1096 3292 et
1168 3241 1174 3254 '
1193 3241 1267 3318 Regis
1283 3240 1393 3301 Henrici,
1405 3239 1451 3289 illii

396 3310 527 3372 Jobannis,
535 3311 609 3374 Regis
617 3326 698 3374 nuper
704 3310 800 3374 Anglie,
810 3310 933 3373 xxiijeam,
943 3313 995 3358 tem
1028 3323 1055 3356 ra
1062 3307 1135 3356 Wills
1145 3306 1180 3356 mi
1188 3303 1324 3370 [Buwerei
1335 3305 1452 3368 Episcopi

395 3375 550 3437 Exonieneis,
558 3377 610 3424 duo
619 3377 725 3435 Fratres,
733 3375 862 3426 (tilbertus
870 3373 977 3437 Longus,
1018 3373 1057 3422 ius
1067 3371 1178 3431 Walteri,
1190 3370 1360 3432 elotanae,
1372 3370 1450 3419 irater

394 3442 458 3504 sitis,
471 3442 627 3490 Fundatores
638 3440 775 3504 Hospitalis
787 3439 896 3488 Ecclesie
910 3438 996 3488 Sancti
1006 3437 1129 3487 lobannis
1146 3435 1260 3512 Baptiste
1270 3435 1337 3484 inira
1347 3435 1450 3484 Portam

396 3506 550 3555 Orientalem
573 3506 689 3554 Civitatis
709 3505 811 3565 Exonie,
831 3505 957 3553 dederunt
978 3518 1064 3552 omnes
1086 3515 1258 3566 possesamnas,
1281 3500 1404 3561 redditus,
1424 3503 1451 3549 et

395 3571 496 3620 servicia
508 3572 560 3632 (sic)
572 3586 618 3619 sua
628 3571 682 3619 Deo
690 3569 833 3619 etEeoleeie
844 3569 956 3632 ejusdem
970 3566 1114 3630 Hospitalis,
1126 3567 1253 3629 inpurum
1265 3570 1291 3614 et
1302 3571 1449 3630 perpetuam

396 3636 573 3694 elemosinam
596 3640 624 3684 et
640 3636 762 3695 eciam,ex
774 3649 896 3683 consensu
916 3638 943 3682 et
961 3648 1063 3682 assensu
1081 3631 1181 3680 (livium
1197 3630 1308 3694 predicte
1325 3629 1448 3690 Civitatis,

394 3700 760 3764 transtuleruntsupradictum
772 3698 903 3762 Hospitele
912 3697 998 3748 Sancti
1005 3697 1094 3756 Alexii,
1106 3712 1164 3745 cum
1172 3694 1290 3744 omnibus
1300 3694 1449 3754 redditibus,

396 3766 503 3830 juribus,
514 3765 601 3825 feodis,
613 3771 640 3814 et
650 3764 874 3814 consuetudinibus
885 3763 966 3812 eidem
977 3761 1167 3825 per-tinentffins,
1179 3760 1212 3808 ad
1224 3759 1354 3822 Hospitele
1365 3759 1451 3808 Sancti

396 3831 519 3880 Johanuis
536 3830 657 3893 Baptista,
668 3831 700 3879 de
711 3845 776 3878 novo
787 3832 968 3887 constructum,
985 3827 1011 3876 in
1025 3825 1236 3876 sustentacionem
1251 3839 1389 3888 pauperum
1403 3823 1449 3871 ibi·

397 3897 456 3945 dem
478 3896 532 3944 Deo
559 3895 730 3944 serviendum.
782 3894 818 3942 Et
839 3909 914 3956 snper
932 3891 979 3941 hoc
1000 3891 1200 3954 impetraverunt
1221 3889 1413 3938 ratificationem
1435 3903 1451 3937 a

397 3960 507 4009 Domino
522 3961 597 4023 Rege,
614 3960 730 4018 Henrieo,
746 3957 798 4007 tilio
813 3957 943 4014 lobannis,
956 3962 986 4006 ut
1002 3961 1068 4006 esset
1082 3956 1151 4004 locus
1167 3953 1321 4018 Hospitalis;
1337 3959 1368 4002 ut
1379 3957 1451 4016 patet

396 4041 441 4089 per
461 4025 561 4075 cartam
579 4025 686 4088 predicti
703 4024 777 4087 Regis
794 4022 903 4084 Henrici,
921 4022 966 4072 filii
982 4021 1112 4071 Jomnnia
1148 4021 1189 4082 Et,
1205 4019 1290 4080 ceiam,
1306 4016 1451 4067 habueruut

298 4191 308 4224 ²
324 4194 386 4244 'l'his
396 4195 539 4270 documept,
548 4193 650 4243 written
658 4207 691 4243 on
699 4208 783 4256 papea,
794 4192 846 4269 will
878 4192 889 4224 ²
905 4191 930 4239 in
943 4190 1035 4254 Bishop
1047 4189 1208 4239 Grandieon's
1219 4185 1396 4264 handus-iting-

330 4260 361 4308 bs
376 4260 458 4308 found
476 4260 587 4309 stitched
602 4259 629 4310 iu
645 4259 758 4310 between
774 4257 847 4307 iohoe
879 4255 890 4289 ³
901 4255 977 4319 suedi
999 4255 1083 4316 fiune,
1106 4281 1138 4291 -
1158 4254 1259 4303 Locatm
1282 4251 1314 4302 sd
1336 4251 1449 4311 firmam

330 4324 360 4381 17
372 4325 422 4373 and
435 4327 472 4381 18.
912 4321 980 4382 olim,
993 4321 1008 4344 “
1018 4319 1061 4370 flet
1071 4319 1150 4369 terme
1160 4319 1174 4340 '⁹
1185 4315 1325 4382 (D’Amia).
