3242 5100
434 460 482 514 or
509 459 650 514 arceor>
675 459 962 514 eaornscorrae
1233 442 1278 512 15

153 611 358 665 Pmacrotorirrrs
366 615 634 676 (Genesi—directed
643 619 670 664 to
678 614 788 664 William
797 616 829 665 de
838 614 946 678 Capella,
955 613 1123 665 Precentoroi
1131 613 1260 674 Crediton)
1270 630 1276 662 :

122 677 220 726 Datum
247 679 349 742 Baione,
370 697 405 730 xv
440 681 567 730 Kalendas
594 677 751 740 Novembris,
775 679 818 742 [18
846 680 920 742 Octl,
942 681 1017 730 Anno
1045 679 1134 729 Gracia
1160 679 1200 728 11⁰
1223 677 1278 730 0OE

124 744 311 832 septuagesimo
321 746 473 834 Wssl⁰tf3
786 807 802 839 ⁶
965 809 980 839 ι

609 808 623 834 fl
1140 807 1156 832 Q

158 873 235 922 Anno
252 873 306 923 loco
326 875 427 937 eisdem,
439 875 480 924 die
499 875 603 924 Sabbati
615 875 728 938 proxima
738 879 796 938 post
814 875 919 924 Festum
930 874 1015 924 Sancti
1034 874 1108 935 Lace,
1119 872 1279 936 Evangeliste

126 937 166 998 [21
188 939 253 1000 Oct,
273 939 356 1002 1273]‚
375 941 469 1004 recepit
488 940 606 1003 Magister
625 941 662 989 W.
683 941 716 989 de
736 939 837 1004 Capella
852 940 963 988 Literam
981 939 1154 1001 obligatoriam
1175 938 1279 988 Domini

130 1003 319 1065 Wyntcniensis
339 1005 455 1069 Episcopi
473 1006 621 1054 decentum
641 1005 717 1064 libris,
735 1005 761 1053 in
778 1004 871 1068 quibus
886 1005 953 1053 idem
972 1004 1160 1068 Wyntoniensis
1179 1007 1281 1052 terretur

129 1067 239 1116 Domino
262 1069 402 1119 Eroniensi
446 1071 519 1130 Item,
543 1069 617 1118 aliam
636 1069 747 1118 literam
765 1069 862 1118 civibus
881 1075 908 1118 et
924 1069 1105 1118 mercator-rbus
1123 1067 1282 1128 Florentinis,

129 1132 241 1181 Parisius
252 1135 472 1189 commorantibus.
484 1135 516 1182 de
526 1135 552 1182 xl
560 1151 578 1184 s.
590 1134 738 1182 mutuandis
748 1135 781 1183 ad
792 1151 856 1197 opus
866 1150 948 1183 suurn

163 1197 239 1246 Anno
250 1198 304 1246 loco
315 1200 416 1258 eisdem,
429 1199 530 1258 Boione,
541 1201 568 1247 in
585 1199 693 1248 crastino
711 1199 797 1248 Sancti
808 1199 913 1248 Martini
923 1197 1045 1262 hyemalis
1057 1197 1099 1258 [12
1110 1198 1183 1258 Nor,
1201 1195 1283 1259 12731,

132 1262 211 1310 exivit
223 1262 309 1312 Litera
319 1265 367 1312 sub
379 1264 425 1313 hcc
436 1263 516 1312 forma
527 1264 699 1325 2—Walterus,
707 1264 868 1314 miseracione
877 1262 969 1312 Divina
975 1263 1123 1314 Exoniensis
1137 1262 1284 1327 Episcopus,

132 1326 231 1375 dilectis
251 1329 337 1376 amicis
359 1329 419 1390 suis,
439 1329 510 1378 sociis
530 1329 668 1377 Bonivicini
691 1328 804 1378 Nicholai
827 1334 854 1377 et
875 1328 963 1377 Jacobi
985 1328 1128 1389 Benacursi,
1147 1327 1240 1377 civium
1258 1333 1286 1376 et

133 1397 302 1441 mercatorum
330 1394 539 1453 Florentinomm,
567 1393 677 1442 Parisius
699 1394 919 1453 commorantibus,
941 1393 1050 1442 salutem
1072 1408 1130 1442 cum
1152 1393 1286 1442 dilectione

133 1455 234 1504 sincera
256 1457 298 1506 Ad
310 1459 447 1521 petendum
459 1464 484 1507 et
496 1458 673 1522 recipiendum,
685 1459 785 1507 nomine
800 1463 894 1518 nostro,
909 1463 1012 1507 centum
1023 1462 1051 1506 et
1066 1457 1209 1520 quindecim
1220 1472 1284 1506 mar-

133 1535 173 1568 ces
184 1521 308 1572 bonorum
322 1539 443 1572 novorum
455 1528 481 1572 et
492 1523 609 1587 legalium
621 1522 804 1586 sterlingorum,
816 1523 946 1586 inquibus
957 1523 1029 1573 uobis
1040 1522 1168 1582 tenemini,
1180 1522 1284 1571 Petram

133 1585 165 1633 de
185 1586 308 1650 Montagu
331 1593 514 1652 procuratorem
538 1593 653 1636 nostrum
675 1587 788 1648 iacimus,
810 1589 961 1647 ordinamus,
985 1592 1012 1637 et
1033 1587 1219 1636 constituimus.
1254 1587 1286 1636 In

134 1649 209 1714 cujus
228 1652 263 1700 rei
282 1653 456 1702 testimonium
475 1653 520 1702 has
537 1653 634 1702 literas
650 1658 747 1702 nostras
758 1652 829 1702 vobis
840 1652 1174 1702 transmittimus-Datum
1186 1651 1285 1712 Baione,

133 1715 170 1778 iiij
184 1715 248 1764 idus
264 1716 413 1766 Novembris
430 1719 472 1779 [10
488 1716 575 1778 ch.],
586 1719 661 1766 Anno
678 1718 765 1766 Grseie
776 1718 816 1766 11ο
825 1718 880 1768 00⁰
890 1718 1074 1779 septuagesimo
1085 1717 1162 1766 tercio
1175 1734 1182 1776 ς
1199 1714 1285 1766 53¹³.-

135 1781 176 1829 On
187 1780 232 1828 the
244 1796 312 1830 seme
322 1784 373 1846 day
384 1799 399 1832 a
414 1783 509 1832 similar
528 1783 604 1830 letter
614 1797 664 1832 was
675 1782 766 1842 issued,
781 1782 928 1847 appoinls‘ng
939 1782 1035 1831 Robert
1045 1781 1078 1830 de
1094 1781 1119 1831 la
1129 1781 1286 1843 Helleloude,

133 1845 210 1904 cleri,
222 1845 267 1894 the
278 1844 393 1910 Bishop's
404 1853 504 1911 proctor
514 1847 541 1896 in
553 1846 596 1896 the
607 1863 675 1896 sarna
685 1847 805 1896 business

167 1911 252 1970 Anno,
263 1911 317 1960 loco
337 1912 437 1972 eisdem,
449 1913 548 1972 Baione,
560 1913 587 1960 in
604 1911 712 1961 crastino
724 1912 809 1962 Sancti
821 1911 936 1961 iiicholsi
946 1911 1069 1977 hyemalis
1085 1909 1111 1972 [7
1123 1911 1191 1972 Dec,
1205 1909 1287 1974 12781,

135 1975 217 2024 exivit
244 1976 303 2024 talis
325 1977 408 2026 Litera
425 1977 626 2027 z-Sanctissimo
656 1977 726 2026 Patri
748 1993 776 2026 ac
798 1977 908 2026 Domino
931 1982 1024 2038 nostro,
1047 1977 1173 2039 Gregorio,
1196 1976 1288 2026 Divina

136 2040 301 2089 Providencia
317 2042 477 2091 Sacrosancte
492 2043 603 2091 Romane
619 2045 646 2090 et
663 2042 816 2092 Universslis
834 2042 943 2092 Ecclesia
959 2042 1065 2090 Summo
1081 2041 1206 2101 Pontifici,
1221 2041 1288 2090 Wal-

136 2110 217 2164 terus,
228 2105 388 2156 miseracione
405 2107 497 2156 Dirina
513 2106 660 2156 Exoniensis
676 2107 823 2170 Episcopus,
839 2107 955 2167 salutem,
966 2122 1025 2156 cum
1035 2105 1126 2155 humili
1142 2106 1182 2154 sui
1197 2120 1290 2155 recom-

137 2170 307 2232 mendscione,
326 2172 418 2220 devota
439 2172 532 2235 pedum
555 2171 638 2220 oscula
657 2171 794 2221 beatorum
829 2172 965 2220 Venientes
986 2171 1019 2219 ad
1037 2171 1189 2234 presenciam
1208 2186 1291 2220 meam

138 2235 269 2283 Walterus
292 2240 319 2284 et
333 2237 430 2285 Alanus
446 2237 478 2284 de
495 2233 669 2296 Lostwithiel,¹
686 2236 767 2285 clerici
784 2236 932 2286 Eroniensis
949 2235 1066 2295 Diocesis,
1084 2235 1180 2284 Literna
1196 2241 1292 2284 vestras

139 2315 216 2412 {eff
226 2299 328 2412 dessctu
340 2301 469 2413 Mirm
481 2306 508 2350 et
518 2301 681 2414 εΙῖιΙιίζερσίοηθ1
688 2301 888 2378 subdiaconatus
905 2301 1113 2414 lenimina&
1122 2300 1247 2413 odim
1261 2299 1294 2348 ab

199 2380 239 2412 rco
298 2381 348 2414 rsco
382 2403 387 2424 ,
408 2382 422 2414 a
469 2382 501 2413 ue
543 2382 551 2414 r
578 2381 612 2414 rrs
633 2381 696 2414 mers
722 2381 854 2415 commisso
923 2382 938 2414 e
972 2381 1020 2414 con
1032 2381 1060 2414 ra
1114 2381 1144 2414 ns
1178 2380 1293 2414 neronem

140 2429 220 2478 ielicis
238 2382 416 2478 reedrdacidnis
433 2381 576 2490 Clementis,
594 2431 771 2493 predecessoris
791 2381 1056 2489 restrlilm’deierenteu
1073 2429 1100 2478 in
1118 2429 1211 2493 quibus
1229 2429 1293 2478 mihi

140 2494 246 2542 dedistis
267 2494 426 2544 inmundatis
443 2499 473 2544 ut
491 2509 548 2544 cum
569 2495 628 2559 ipsis
648 2495 741 2544 clericis
763 2511 839 2559 super
858 2495 976 2559 predictis
995 2495 1095 2544 defectu
1118 2494 1250 2543 Natalium
1265 2499 1293 2542 et

141 2559 267 2609 Ordinum
293 2561 442 2623 recepcione,
464 2562 539 2609 modo
562 2566 588 2609 et
609 2561 795 2610 condicionibus
817 2561 944 2624 appositis,
967 2561 1061 2624 quein
1080 2560 1192 2623 predicta
1211 2564 1295 2609 vestra

142 2624 226 2673 Litera
238 2625 337 2687 plenius
357 2626 526 2685 continentur,
545 2626 695 2675 auctoritate
712 2631 794 2674 vestra
806 2626 999 2675 misericorditer
1015 2626 1191 2687 dispensarem.
1238 2625 1292 2686 Ego

142 2704 207 2749 vero,
228 2690 378 2738 Mandatum
400 2694 513 2738 vestrum
531 2690 664 2753 diligenter
680 2691 770 2753 exequi
785 2692 879 2749 volens,
899 2691 966 2753 ipsos
985 2690 1069 2739 inveni
1089 2704 1120 2737 ex
1138 2689 1248 2739 Diacono
1267 2695 1295 2738 et

141 2754 247 2802 diversis
264 2754 412 2802 mulieribus
429 2755 518 2802 solutis
534 2760 681 2817 procreetur,
703 2761 730 2804 et
746 2755 925 2805 insufficienter
941 2756 1065 2804 litteratos
1067 2789 1265 2813 ......
1282 2754 1294 2786 ¹

141 2835 169 2868 ae
181 2820 292 2881 eoquod
304 2819 409 2868 Ordines
421 2835 479 2867 suos
491 2820 538 2867 rite
556 2820 590 2868 eis
602 2836 654 2868 esse
665 2820 767 2869 collatos
785 2820 889 2883 probare
900 2835 951 2868 nou
965 2820 1087 2868 valentes:
1098 2823 1184 2867 movet
1194 2820 1297 2881 insuper

141 2883 321 2932 conscienciam
332 2898 415 2931 meam
425 2890 453 2932 et
463 2885 610 2945 momordet,
622 2884 690 2947 quod
702 2884 744 2933 vix
759 2884 837 2948 aliqui
852 2885 900 2933 biis
911 2884 1000 2933 diebus
1012 2884 1117 2933 Ordines
1128 2884 1254 2947 recipiunt
1264 2889 1295 2933 ut

142 2949 198 2997 Dec
209 2948 300 2997 devote
312 2949 457 2997 ministrent
468 2948 494 2996 in
506 2949 608 3009 eisdem,
619 2954 659 2997 set
669 2950 755 3012 pocius
767 2954 798 2999 ut
808 2948 934 2998 infelicem
941 2965 1011 2998 suam
1021 2948 1101 2997 vitam
1112 2948 1177 2997 mele
1188 2948 1296 2997 vivendo

143 3013 289 3061 seculariter
304 3013 460 3076 protrahant,
478 3014 546 3062 uude
562 3029 593 3062 ex
608 3012 657 3063 hiis
671 3014 816 3063 scandalum
833 3014 944 3062 nascitur
954 3014 1021 3077 apud
1033 3013 1175 3076 populum:
1191 3013 1253 3061 item
1264 3014 1297 3062 ad

144 3077 349 3141 supplementum
365 3077 466 3126 illorum
476 3078 601 3141 religionis
617 3078 756 3143 ingressum
772 3078 916 3139 abhorrent,
927 3094 956 3127 sc
970 3078 1030 3126 alias
1046 3078 1124 3127 eciam
1141 3078 1297 3127 condiciones

143 3143 189 3191 in.
207 3179 214 3191 .
232 3178 238 3192 .
257 3179 263 3191 .
281 3140 474 3206 ⁵exemplaque
485 3142 660 3192 conscienciam
668 3144 940 3193 meamremordebant
975 3144 1050 3193 Unde
1061 3143 1093 3191 ad
1100 3143 1296 3206 dispensandum

144 3222 203 3255 cum
220 3207 340 3271 predictis
353 3207 380 3255 in
397 3206 480 3257 seculo
498 3208 686 3257 remanentibus
708 3209 886 3257 conscienciam
905 3223 986 3256 meam
1004 3208 1067 3257 mihi
1085 3208 1298 3257 contradicentem

143 3287 247 3321 onerare
268 3271 414 3333 formidans,
444 3288 477 3320 na
498 3273 552 3335 ipsa
573 3272 724 3321 consciencia
746 3288 786 3321 me
807 3272 836 3321 iu
857 3277 986 3336 posterum
1008 3277 1135 3321 accusaret
1156 3277 1183 3321 et
1205 3273 1298 3321 veritas

144 3337 251 3385 racionis
262 3352 313 3385 non
324 3342 460 3397 excusaret,
478 3338 544 3401 ipsos
555 3337 655 3386 clericos
666 3338 699 3386 ad
715 3338 806 3387 Sedens
823 3338 991 3401 Apostolicam
1009 3337 1071 3385 duxi
1082 3337 1255 3397 remittendos,
1266 3342 1298 3386 ut

144 3402 190 3450 ubi
201 3402 334 3492 habupdat
344 3401 426 3465 gracia
436 3408 464 3495 et
473 3402 604 3465 plenitudo
616 3402 747 3490 pptesiatis
758 3418 846 3491 eorum
856 3403 1003 3490 suppleatur
1013 3402 1127 3451 deiectus
1139 3417 1146 3462 ;
1160 3398 1215 3497 ἰθὺ.

178 3532 254 3580 Anno
274 3530 370 3586 eodem.
390 3536 417 3579 et
434 3531 460 3579 in
479 3532 586 3581 emtino
609 3532 695 3581 Sancti
713 3530 806 3595 Pymni
826 3532 852 3593 [t
869 3532 963 3592 March,
983 3530 1119 3593 127341-
1127 3530 1299 3592 commission,

145 3596 259 3645 merted
271 3602 299 3645 to
311 3596 405 3645 Msster
421 3595 488 3644 John
505 3598 537 3645 de
554 3596 621 3657 Esse,
639 3596 683 3645 the
695 3596 809 3659 Bishop's
826 3596 921 3646 Official
939 3596 1062 3659 Principal
1078 3596 1128 3645 and
1144 3596 1299 3657 cbanoellor,

146 3662 186 3709 ior
197 3662 241 3710 the
252 3661 379 3725 renewing
389 3661 416 3709 oi
426 3660 515 3723 special
526 3662 655 3725 authority
667 3666 694 3710 te
710 3662 755 3710 the
767 3662 837 3709 Dean
848 3662 876 3709 oi
892 3662 985 3710 Erreter
995 3666 1023 3709 to
1034 3660 1090 3709 deal
1100 3660 1163 3709 with
1174 3666 1298 3724 presenta-

146 3727 215 3775 tions
233 3732 260 3774 to
278 3729 368 3774 vacant
387 3726 512 3774 Benefices
530 3726 621 3790 during
636 3726 681 3775 the
697 3727 750 3775 said
766 3726 881 3789 Bishop's
903 3727 1007 3775 absence
1025 3726 1053 3774 in
1071 3726 1167 3786 foreign
1190 3731 1300 3788 parts,-

146 3792 273 3854 “prcpter
294 3790 457 3853 Super-iorum
476 3790 609 3854 imperium
629 3791 661 3839 sd
677 3792 834 3840 voluntatem
851 3795 970 3850 nostram,
989 3796 1065 3854 prout
1082 3790 1250 3853 sperabamus,
1268 3791 1301 3840 ad

146 3856 246 3920 propria
255 3870 308 3949 agn
319 3870 572 3949 possumnssemeare
582 3857 740 3944 ...zDetum
752 3856 823 3943 apud
832 3856 910 3905 viuri
920 3872 927 3915 ;
937 3857 950 3875 '¹
968 3856 1006 3950 δὲ,

1164 3917 1178 3942 s

180 3986 255 4035 Anno
266 3985 362 4046 eodem,
374 3984 414 4033 die
426 3982 529 4034 Ssbbati
539 3984 565 4035 in
577 3984 668 4049 Vigilis
683 3985 768 4035 Clausi
779 3985 874 4034 Pasche
891 3982 918 4049 [7
929 3985 1009 4049 April,
1028 3982 1110 4049 12741,
1127 3984 1206 4033 exirit
1217 3984 1302 4033 litera

152 4188 161 4219 ¹
178 4188 406 4252 Itisncteworthy
417 4186 475 4237 that
493 4187 508 4216 ‘⁶
519 4187 676 4237 Lostwitbiel
685 4188 699 4209 ”
752 4178 959 4238 'Some'words
977 4189 1078 4238 written
1101 4188 1162 4237 here
1182 4188 1210 4237 in
1231 4203 1301 4237 error

185 4254 287 4317 isspelt,
300 4260 328 4303 at
339 4254 391 4303 this
405 4254 474 4317 early
485 4253 552 4313 date,
565 4252 663 4316 exectly
675 4268 702 4301 as
785 4254 850 4302 have
860 4254 924 4302 been
935 4254 1023 4303 struck
1033 4259 1086 4302 out.

184 4321 206 4368 it
220 4320 242 4367 is
258 4320 324 4382 spelt
340 4324 368 4368 at
384 4318 429 4368 the
445 4322 548 4381 present
564 4317 703 4365 time-the
754 4314 765 4347 ³
783 4318 914 4381 Illegiblc:
930 4319 1078 4387 apparently
1091 4316 1198 4365 “iacti'’

184 4384 242 4459 only
253 4384 366 4435 insteuoe
377 4384 391 4435 I
402 4384 466 4443 bave
477 4398 506 4434 sc
514 4383 562 4441 tar,
571 4386 624 4431 met
632 4380 701 4433 with.
