3242 5100
571 557 757 614 emenso
778 556 917 611 monn.
1240 537 1313 611 237

159 710 272 790 Rome,
286 710 391 780 Oourt
405 712 671 781 oi-continncd

225 822 303 873 Peeor
311 824 414 876 obertus
423 824 759 890 Pmcuretorti(appointing
768 822 814 873 tbs
823 838 892 873 mmo
903 822 987 885 cterk)
1001 822 1169 875 r-Uuiversis
1180 830 1309 889 presentes

256 894 312 953 eto,
331 891 606 941 sulutem—Noveritis
623 890 693 954 quod
713 904 760 938 nos
779 890 869 938 demtis
888 892 915 937 et
933 888 1092 938 concedimus
1108 889 1212 940 liberem
1231 897 1312 955 potes·

255 959 336 1004 tatem
353 955 473 1019 Magistro
494 956 606 1005 Alursdo
630 954 737 1013 Milonis,
757 954 852 1015 clerico,
872 954 946 1002 latori
970 954 1137 1013 Preseucium¹
1155 960 1181 1004 et
1203 957 1312 1007 eundem

254 1019 405 1083 Magistrum
444 1022 633 1070 Procuratorem
671 1024 787 1069 nostrum
827 1018 1011 1079 constituimus,
1045 1019 1077 1067 ed
1110 1020 1310 1072 contrahendum

255 1090 377 1135 mutuum
403 1086 431 1135 in
459 1085 535 1136 Curis
561 1087 680 1146 nomos,
705 1098 764 1134 cnm
788 1083 991 1147 quibuscumque
1018 1085 1204 1146 mercatoribus,
1231 1102 1313 1150 usque

256 1150 289 1197 ed
306 1150 477 1213 quantitatem
503 1155 607 1200 centnm
633 1150 754 1199 librarum
772 1148 958 1211 sterlingorum,
975 1163 1020 1210 pro
1040 1150 1132 1197 nostris
1156 1154 1184 1199 et
1203 1152 1312 1201 Ecclesie

255 1219 341 1263 nostre
366 1216 474 1278 negociis
500 1216 528 1264 in
555 1216 642 1264 eadem
670 1214 746 1263 (luris
772 1213 944 1275 expediendis;
962 1217 989 1262 et
1015 1213 1048 1261 ed
1075 1214 1237 1276 obligandum
1257 1232 1310 1279 nos,

256 1279 322 1328 bona
329 1286 414 1330 nostra
422 1281 524 1330 mobilis
534 1286 561 1329 et
571 1279 715 1339 immobilis,
727 1278 864 1328 Ecclesium
875 1282 995 1337 noemam,
1002 1282 1029 1326 et
1040 1279 1197 1328 successores
1205 1286 1311 1344 nostros,

256 1346 435 1395 mercatoribus
443 1361 503 1395 cum
513 1346 604 1408 quibus
616 1345 714 1393 dictum
725 1349 846 1393 mutuum
858 1342 1015 1397 contraxerit.
1027 1342 1060 1391 ad
1071 1343 1221 1393 solucionem
1233 1346 1311 1396 diete-

254 1423 313 1457 rum
331 1410 351 1459 G
370 1410 499 1469 librarum,
511 1416 624 1473 tempore
642 1415 667 1458 et
687 1409 742 1457 loco
762 1423 827 1471 quos
838 1407 933 1456 eisdem
943 1407 1122 1456 mercatoribus
1133 1409 1295 1473 usigmverie
1307 1428 1313 1461 :

255 1474 300 1533 ite,
317 1478 409 1536 tamem
425 1476 495 1538 quod
509 1476 607 1524 dimum
626 1480 747 1523 mutuum
765 1472 812 1521 flat
833 1473 865 1520 de
883 1472 984 1521 consilio
1002 1472 1188 1523 Venerebilium
1207 1476 1312 1526 Petrum

256 1537 423 1588 Dominorum
444 1544 587 1589 nostrcmm
607 1538 761 1587 Portuiensis
788 1541 815 1587 et
841 1537 932 1585 Sancm
960 1536 1058 1585 Ruffioe
1081 1538 1204 1602 Episcopi,
1221 1544 1248 1589 st
1272 1541 1312 1601 O.,

257 1604 344 1653 Sancti
359 1604 463 1653 Adriani
481 1605 585 1655 Disconi
603 1602 748 1663 Curdinslis,
763 1602 803 1651 vel
819 1601 923 1651 ulterius
939 1616 1043 1651 sonim:
1065 1607 1150 1651 retum
1169 1609 1196 1653 et
1210 1610 1313 1667 gratum

256 1668 376 1718 habeuoee
393 1670 514 1733 quicquid
532 1669 616 1719 dictus
638 1668 756 1732 Magister
775 1667 802 1716 in
820 1666 953 1730 premissis,
973 1666 1074 1715 nomine
1091 1673 1184 1731 nostro,
1207 1670 1310 1721 duxerot

256 1732 471 1784 iaciendum-In
479 1735 554 1797 eujus
563 1734 607 1795 rei,
618 1738 664 1783 etc
677 1751 684 1795 ;
700 1731 758 1783 tttd

224 1829 299 1878 Anno
315 1832 409 1892 eodem
427 1831 582 1895 Burdegalie,
593 1832 621 1880 in
637 1832 712 1880 Festo
729 1829 816 1879 Sancti
833 1829 962 1891 Johunnis,
973 1830 1090 1893 Apostoli
1106 1835 1133 1881 et
1150 1832 1309 1897 Evangeliste

257 1892 299 1958 [27
322 1897 389 1957 Dea,
410 1896 492 1958 12731,
515 1898 593 1945 exirit
614 1896 673 1945 talis
700 1895 872 1953 litem-vin.
902 1894 947 1944 the
968 1896 1144 1959 eppointment
1163 1899 1190 1946 ot
1216 1899 1311 1949 Hester

259 1960 368 2009 Richard
378 1962 410 2010 de
421 1962 547 2011 Oerswille
557 1976 585 2010 es
594 1962 640 2010 the
652 1960 766 2023 Bishop'e
777 1962 881 2009 Proctor
891 1960 918 2008 in
935 1959 980 2009 the
998 1960 1074 2024 Pupel
1087 1960 1174 2023 court,
1186 1964 1253 2012 until
1264 1964 1310 2014 the

258 2025 370 2075 Kelossds
381 2026 408 2075 oi
425 2027 484 2090 lisy
497 2031 560 2076 next
573 2026 697 2089 eusuing;
713 2026 827 2075 os-on
846 2024 891 2101 the
910 2039 979 2073 seme
997 2025 1046 2090 dsy
1066 2024 1110 2075 the
1129 2026 1183 2076 said
1202 2028 1312 2079 Rieberd

258 2090 1313 2220 numme

258 2220 367 2281 Milonis
388 2222 517 2284 quendem
545 2221 715 2270 Procuratoris
741 2219 829 2281 nostri,
857 2219 948 2277 debita
971 2220 1143 2283 obligeeiones‚
1169 2228 1313 2274 contractus

256 2290 431 2345 morosiorem,
449 2286 545 2335 Literes
563 2286 642 2335 οοίιω
657 2284 790 2335 solucionis
806 2290 833 2334 et
848 2284 998 2349 receptionis
1013 2286 1045 2333 ab
1061 2285 1163 2347 eisdem
1181 2292 1208 2337 et
1223 2288 1271 2337 slis
1286 2288 1315 2340 in

257 2350 350 2413 quibus
361 2351 432 2400 nobis
442 2352 577 2401 tenebstur
587 2356 615 2399 st
625 2350 703 2399 eciem
713 2354 816 2399 tenetur
828 2365 834 2409 ;
851 2348 1012 2409 ibid-Also,
1024 2366 1058 2399 ou
1073 2350 1117 2399 the
1129 2352 1191 2401 noth
1202 2353 1229 2401 oi
1248 2354 1308 2405 Feb.

260 2415 289 2476 [x
300 2416 426 2465 Kalendes
437 2416 541 2477 Muciil,
554 2416 653 2476 Hit-4,
664 2416 709 2465 the
719 2414 813 2477 Bishop
824 2414 908 2463 bened
919 2430 951 2464 an
962 2416 1093 2479 authority
1104 2420 1132 2466 to
1143 2418 1251 2467 demand
1261 2421 1313 2469 and

257 2480 353 2529 receive
378 2481 414 2530 “s
439 2481 555 2545 Philippo
578 2480 706 2543 Rodulphi
732 2480 855 2542 mciisque
879 2480 938 2541 suis,
963 2480 1058 2528 civibus
1082 2485 1109 2530 et
1133 2484 1314 2535 mercatoribus

258 2545 393 2608 moreccia,
404 2562 485 2610 usque
501 2546 534 2595 sd
550 2562 675 2595 summam
692 2544 784 2609 viginti
798 2561 946 2605 marcarum,
962 2544 1146 2608 sterlingorum,
1158 2546 1190 2596 de
1206 2551 1312 2613 pecunie

258 2627 304 2674 per
312 2627 402 2661 munus
416 2612 530 2674 Magistri
540 2612 645 2660 Aluredi
654 2611 761 2671 Milonis,
772 2611 901 2674 quendem
918 2611 1087 2660 hocuratoris
1096 2612 1176 2662 nostri
1186 2613 1213 2663 in
1224 2615 1312 2665 sedem

259 2676 342 2738 Curia,
353 2677 457 2726 liberate
468 2677 562 2726 eisdem
573 2681 600 2726 et
614 2677 704 2726 soluta
709 2677 838 2725 -Datum
850 2674 974 2732 Par-isium
992 2675 1050 2726 ibid

224 2773 299 2823 Anno
321 2775 520 2824 Oonsecrecionis
541 2774 644 2824 Domini
666 2773 782 2838 Episcopi
802 2773 910 2836 septimo
931 2773 1034 2834 decim
1057 2774 1105 2824 Die
1133 2776 1264 2827 Domiuiee
1286 2778 1313 2830 in

258 2840 374 2888 Passione
391 2841 494 2889 Domini
509 2838 552 2903 [18
565 2839 658 2901 March,
670 2840 752 2900 12741,
770 2839 848 2887 exivit
863 2839 953 2898 litere,
969 2839 1037 2902 apud
1047 2840 1151 2904 Vytery‚
1166 2843 1199 2890 ed
1211 2843 1313 2894 cuum

256 2906 402 2966 Romanum,
419 2905 528 2955 subhac
544 2904 800 2954 formu-Omnibus
817 2903 912 2953 Christi
928 2904 1056 2953 Fidelibus
1072 2910 1199 2968 presentes
1217 2908 1313 2959 Literes

255 2969 405 3032 inspecturis
427 2970 560 3030 Wolterus,
582 2969 744 3032 permissione
765 2968 857 3018 Divino
884 2969 1030 3017 Excniensis
1059 2969 1168 3020 Ecclesia
1195 2971 1311 3023 Minister

257 3033 368 3094 humilis,
390 3035 499 3083 salntem
517 3035 545 3084 in
563 3034 626 3083 Filio
646 3034 755 3096 Virginis
774 3033 1017 3096 gloriose-Notum
1034 3033 1087 3082 ficri
1111 3035 1228 3086 volumus
1244 3039 1313 3100 quod

257 3099 362 3148 dilectos
372 3103 399 3148 et
409 3100 544 3148 familiares
559 3104 665 3158 nostros,
683 3099 816 3161 Magistros
832 3098 968 3147 Ricardum
979 3099 1011 3147 de
1022 3099 1167 3150 Gsrsewelle
1178 3106 1206 3151 et
1215 3101 1312 3167 Philip·

255 3179 318 3227 pum
329 3165 361 3213 de
373 3165 476 3226 Exonie,
488 3164 594 3225 elericos,
606 3162 746 3226 quemlibet
761 3177 849 3212 eorum
865 3162 892 3212 in
907 3163 1024 3222 solidum,
1036 3164 1072 3213 ite
1088 3167 1156 3228 quod
1168 3169 1313 3230 oocupcnns

257 3229 345 3278 melior
364 3230 475 3279 condicio
494 3245 545 3279 non
563 3229 663 3288 existat,
681 3233 780 3276 nostros
798 3227 905 3276 isumus
927 3232 954 3277 et
975 3227 1120 3278 ordinemus
1142 3231 1264 3294 Syndicos
1285 3239 1313 3284 et

257 3295 432 3343 Pmcuretores
453 3295 487 3343 ad
507 3294 685 3357 recipiendum,
708 3297 794 3342 nostro
816 3292 924 3353 nomine,
941 3297 967 3342 et
990 3309 1034 3356 pro
1056 3295 1135 3354 nobis,
1157 3301 1184 3344 et
1205 3298 1313 3360 negociis

256 3359 349 3408 nostris
372 3359 532 3422 expediendis
551 3359 578 3407 in
605 3359 718 3407 Romane
743 3357 859 3418 Curiae
884 3357 1000 3406 Jobenue
1032 3359 1164 3408 Gerardini
1182 3365 1210 3410 et
1235 3363 1313 3426 Spina

256 3423 367 3487 Philippi
386 3425 418 3472 de
440 3423 554 3484 Pistoris,
570 3423 758 3484 mercatoribus,
775 3422 853 3471 souis
871 3422 958 3471 Jacobi
976 3423 1144 3472 Bartholomsi
1160 3429 1186 3475 et
1204 3428 1313 3477 Bsudini

257 3489 374 3549 instrum,
391 3494 509 3538 natorum
527 3489 630 3537 Domini
646 3487 762 3548 Avenati,
774 3491 801 3536 et
817 3487 904 3537 iacobi
920 3486 1023 3536 Domini
1039 3488 1176 3551 Agolentia
1188 3496 1215 3540 et
1232 3493 1313 3542 leudi

258 3553 360 3602 Domini
382 3553 494 3615 Anionis,
517 3569 604 3602 eorum
627 3551 777 3613 concivibus,
802 3551 925 3614 tringinta
946 3567 1041 3600 marnas
1057 3554 1242 3618 sterlingorum,
1261 3561 1312 3606 tre·

257 3618 338 3667 decim
363 3619 448 3668 solidis
472 3624 499 3667 et
520 3618 558 3682 iiij
575 3617 683 3667 denariis
704 3633 750 3680 pro
768 3631 852 3665 marce
868 3617 982 3680 quelibet
1003 3618 1167 3680 computatis;
1186 3625 1271 3670 retum
1288 3627 1315 3672 et

255 3688 357 3746 gratum
384 3683 411 3732 in
433 3684 539 3732 veritate
565 3683 657 3732 bebere
683 3682 861 3744 premittentes
885 3681 1006 3758 quicquid
1032 3682 1109 3730 iidem
1137 3683 1312 3736 Procuratores

257 3763 301 3796 seu
335 3748 438 3810 Syndici
470 3748 558 3808 nostri,
585 3753 631 3796 eut
658 3761 746 3796 sorum
775 3746 845 3806 alter,
874 3747 993 3794 duxerunt
1019 3746 1047 3794 iu
1080 3747 1128 3796 hiis
1160 3749 1310 3802 iseiendum.

257 3813 440 3874 Promittimus,
459 3813 545 3874 eciem,
564 3813 660 3862 dietum
676 3811 808 3875 pecuniam
823 3811 926 3860 reddere
942 3815 969 3859 et
985 3811 1079 3859 solvere
1098 3813 1202 3888 profetis
1218 3815 1312 3866 Jacobs

255 3877 385 3940 Agolentis
396 3883 423 3927 et
434 3878 529 3938 Laudo,
540 3878 580 3926 vel
596 3893 683 3926 eorum
700 3874 779 3936 elteri,
790 3875 817 3924 in
829 3875 942 3935 veritate,
953 3876 980 3924 in
992 3876 1179 3927 leudomarum
1196 3879 1312 3942 civitate,

255 3942 321 3990 infra
331 3943 428 3992 instons
437 3944 541 3992 Festum
552 3942 712 3991 Pentecosten
723 3939 766 4004 [20
778 3940 848 4003 lisy]
859 3956 866 4000 ;
882 3940 1022 4003 obligantes
1033 3946 1159 4004 quantum
1170 3944 1258 3994 adhoc
1269 3961 1314 3995 nos

255 4011 283 4056 et
302 4011 400 4056 nostros
422 4008 587 4068 Sucoeaeorm,
610 4010 637 4055 et
659 4007 837 4068 Episcopatum
860 4010 982 4065 nostrum,
999 4010 1026 4054 et
1042 4007 1125 4055 omnia
1141 4007 1207 4056 bona
1228 4016 1313 4060 nostra

257 4073 383 4135 presencie
393 4077 421 4121 et
431 4073 536 4130 iutnre;
553 4071 728 4120 renunciantes
744 4068 886 4133 excepcioni
902 4070 953 4119 doli
969 4070 1036 4131 muli,
1047 4071 1252 4135 accioniinstanti,
1265 4074 1313 4124 ieri

256 4141 283 4185 et
295 4137 389 4197 Crucis,
398 4153 426 4186 ac
437 4136 574 4200 cujuslibet
584 4135 708 4185 libertatis
718 4135 855 4198 privilegio,
864 4149 908 4197 per
919 4136 987 4198 quod
999 4151 1143 4186 concessum
1154 4153 1207 4186 esse
1218 4139 1311 4190 dicitur

256 4203 362 4250 Prolatis
378 4207 424 4250 aut
440 4201 542 4251 Cleo-icis
558 4202 590 4250 de
606 4201 697 4264 englis
712 4200 781 4264 quod
803 4200 866 4249 citis
881 4215 949 4248 mare
966 4206 1094 4263 nequeent
1109 4203 1309 4254 conveniri-In

255 4267 566 4384 iscocujnstteetimonittegs
579 4265 835 4396 etcffiffirimfilplco
850 4280 901 4327 quo
916 4264 993 4328 prius,
1005 4271 1032 4315 et
1048 4266 1122 4315 Auno
1142 4268 1245 4318 Domini
1264 4269 1309 4318 M0.

312 4347 513 4397 ,sepuagessmo
551 4346 602 4380 ruo
697 4345 753 4390 ·;
816 4366 822 4380 .
