<?xml version="1.0" encoding="UTF-8"?>
<!DOCTYPE html PUBLIC "-//W3C//DTD XHTML 1.0 Transitional//EN"
    "http://www.w3.org/TR/xhtml1/DTD/xhtml1-transitional.dtd">
<html xmlns="http://www.w3.org/1999/xhtml" xml:lang="en" lang="en">
 <head>
  <title>
</title>
<meta http-equiv="Content-Type" content="text/html;charset=utf-8" />
  <meta name='ocr-system' content='tesseract 3.04.00' />
  <meta name='ocr-capabilities' content='ocr_page ocr_carea ocr_par ocr_line ocrx_word'/>
</head>
<body>
  <div class='ocr_page' id='page_1' title='image "./registerswalter01hinggoog_0133.png"; bbox 0 0 3242 5100; ppageno 0'>
   <div class='ocr_carea' id='block_1_1' title="bbox 604 545 1337 639">
    <p class='ocr_par' dir='ltr' id='par_1_1' title="bbox 604 545 1337 639">
     <span class='ocr_line' id='line_1_1' title="bbox 604 545 1337 639; baseline -0.01 -18"><span class='ocrx_word' id='word_1_1' title='bbox 604 565 772 621; x_wconf 76' lang='lat' dir='ltr'><strong>annuas</strong></span> <span class='ocrx_word' id='word_1_2' title='bbox 788 565 917 621; x_wconf 78' lang='lat' dir='ltr'><strong>ruem.</strong></span> <span class='ocrx_word' id='word_1_3' title='bbox 1222 633 1227 639; x_wconf 18' lang='grc' dir='ltr'><strong>Δ</strong></span> <span class='ocrx_word' id='word_1_4' title='bbox 1292 545 1337 615; x_wconf 82' lang='lat'><strong>95</strong></span> 
     </span>
    </p>
   </div>
   <div class='ocr_carea' id='block_1_2' title="bbox 273 719 1350 2929">
    <p class='ocr_par' dir='ltr' id='par_1_2' title="bbox 273 719 1350 2929">
     <span class='ocr_line' id='line_1_2' title="bbox 274 719 1334 790; baseline -0.006 -15"><span class='ocrx_word' id='word_1_5' title='bbox 274 729 300 775; x_wconf 85' lang='lat' dir='ltr'><strong>et</strong></span> <span class='ocrx_word' id='word_1_6' title='bbox 311 729 340 775; x_wconf 88' lang='lat' dir='ltr'><strong>ut</strong></span> <span class='ocrx_word' id='word_1_7' title='bbox 351 724 444 790; x_wconf 78' lang='lat' dir='ltr'><strong>singuli</strong></span> <span class='ocrx_word' id='word_1_8' title='bbox 454 739 540 774; x_wconf 72' lang='lat' dir='ltr'><strong>eonem</strong></span> <span class='ocrx_word' id='word_1_9' title='bbox 551 740 596 788; x_wconf 88' lang='lat' dir='ltr'><strong>per</strong></span> <span class='ocrx_word' id='word_1_10' title='bbox 606 741 639 786; x_wconf 88' lang='lat' dir='ltr'><strong>se,</strong></span> <span class='ocrx_word' id='word_1_11' title='bbox 652 725 691 774; x_wconf 85' lang='lat' dir='ltr'><strong>vel</strong></span> <span class='ocrx_word' id='word_1_12' title='bbox 708 737 753 788; x_wconf 89' lang='lat' dir='ltr'><strong>per</strong></span> <span class='ocrx_word' id='word_1_13' title='bbox 768 724 871 773; x_wconf 88' lang='lat' dir='ltr'><strong>idoneos</strong></span> <span class='ocrx_word' id='word_1_14' title='bbox 886 722 1004 784; x_wconf 76' lang='lat' dir='ltr'><strong>vicarios,</strong></span> <span class='ocrx_word' id='word_1_15' title='bbox 1015 721 1129 786; x_wconf 80' lang='lat' dir='ltr'><strong>singulos</strong></span> <span class='ocrx_word' id='word_1_16' title='bbox 1139 720 1229 785; x_wconf 80' lang='lat' dir='ltr'><strong>viginti</strong></span> <span class='ocrx_word' id='word_1_17' title='bbox 1238 719 1334 770; x_wconf 81' lang='lat' dir='ltr'><strong>solidos</strong></span> 
     </span>
     <span class='ocr_line' id='line_1_3' title="bbox 273 786 1334 852; baseline -0.006 -12"><span class='ocrx_word' id='word_1_18' title='bbox 273 793 305 841; x_wconf 91' lang='lat' dir='ltr'><strong>de</strong></span> <span class='ocrx_word' id='word_1_19' title='bbox 322 791 489 840; x_wconf 87' lang='lat' dir='ltr'><strong>Dominorum</strong></span> <span class='ocrx_word' id='word_1_20' title='bbox 516 806 619 839; x_wconf 88' lang='lat' dir='ltr'><strong>suorum</strong></span> <span class='ocrx_word' id='word_1_21' title='bbox 646 789 805 852; x_wconf 78' lang='lat' dir='ltr'><strong>porcionibus</strong></span> <span class='ocrx_word' id='word_1_22' title='bbox 833 788 965 837; x_wconf 86' lang='lat' dir='ltr'><strong>annuatim</strong></span> <span class='ocrx_word' id='word_1_23' title='bbox 992 787 1162 850; x_wconf 72' lang='lat' dir='ltr'>percipientes,</span> <span class='ocrx_word' id='word_1_24' title='bbox 1179 786 1285 835; x_wconf 86' lang='lat' dir='ltr'><strong>honeste</strong></span> <span class='ocrx_word' id='word_1_25' title='bbox 1306 788 1334 834; x_wconf 90' lang='lat' dir='ltr'><strong>et</strong></span> 
     </span>
     <span class='ocr_line' id='line_1_4' title="bbox 273 851 1338 916; baseline -0.005 -11"><span class='ocrx_word' id='word_1_26' title='bbox 273 856 392 906; x_wconf 88' lang='lat' dir='ltr'><strong>continue</strong></span> <span class='ocrx_word' id='word_1_27' title='bbox 403 855 543 904; x_wconf 81' lang='lat' dir='ltr'><strong>deserviant</strong></span> <span class='ocrx_word' id='word_1_28' title='bbox 562 855 588 903; x_wconf 90' lang='lat' dir='ltr'><strong>in</strong></span> <span class='ocrx_word' id='word_1_29' title='bbox 605 855 698 903; x_wconf 80' lang='lat' dir='ltr'><strong>eadem</strong></span> <span class='ocrx_word' id='word_1_30' title='bbox 733 853 852 904; x_wconf 82' lang='lat' dir='ltr'><strong>Ceterum</strong></span> <span class='ocrx_word' id='word_1_31' title='bbox 869 853 995 916; x_wconf 80' lang='lat' dir='ltr'><strong>premissis</strong></span> <span class='ocrx_word' id='word_1_32' title='bbox 1010 852 1140 901; x_wconf 84' lang='lat' dir='ltr'><strong>adiciendo</strong></span> <span class='ocrx_word' id='word_1_33' title='bbox 1150 851 1295 902; x_wconf 80' lang='lat' dir='ltr'><strong>ordinamus</strong></span> <span class='ocrx_word' id='word_1_34' title='bbox 1305 854 1338 900; x_wconf 92' lang='lat' dir='ltr'><strong>ut</strong></span> 
     </span>
     <span class='ocr_line' id='line_1_5' title="bbox 274 916 1335 981; baseline -0.005 -11"><span class='ocrx_word' id='word_1_35' title='bbox 274 937 341 970; x_wconf 86' lang='lat' dir='ltr'><strong>unua</strong></span> <span class='ocrx_word' id='word_1_36' title='bbox 356 933 387 969; x_wconf 84' lang='lat' dir='ltr'><strong>ex</strong></span> <span class='ocrx_word' id='word_1_37' title='bbox 399 921 472 969; x_wconf 87' lang='lat' dir='ltr'><strong>dictis</strong></span> <span class='ocrx_word' id='word_1_38' title='bbox 488 920 649 968; x_wconf 89' lang='lat' dir='ltr'><strong>Porcicnariis</strong></span> <span class='ocrx_word' id='word_1_39' title='bbox 669 921 818 968; x_wconf 71' lang='lat' dir='ltr'><strong>Procurator</strong></span> <span class='ocrx_word' id='word_1_40' title='bbox 828 919 863 967; x_wconf 88' lang='lat' dir='ltr'><strong>sit</strong></span> <span class='ocrx_word' id='word_1_41' title='bbox 874 918 984 981; x_wconf 80' lang='lat' dir='ltr'><strong>collegii,</strong></span> <span class='ocrx_word' id='word_1_42' title='bbox 1003 923 1030 966; x_wconf 89' lang='lat' dir='ltr'><strong>et</strong></span> <span class='ocrx_word' id='word_1_43' title='bbox 1047 916 1217 966; x_wconf 79' lang='lat' dir='ltr'><strong>Procaratoris</strong></span> <span class='ocrx_word' id='word_1_44' title='bbox 1233 916 1335 966; x_wconf 85' lang='lat' dir='ltr'><strong>nomine</strong></span> 
     </span>
     <span class='ocr_line' id='line_1_6' title="bbox 275 981 1337 1110; baseline -0.003 -11"><span class='ocrx_word' id='word_1_45' title='bbox 275 981 1337 1110; x_wconf 47' lang='lat' dir='ltr'><strong>illim-&#39;aitintituttitlnittdbldtttmtlttffl</strong></span> 
     </span>
     <span class='ocr_line' id='line_1_7' title="bbox 277 1063 1336 1189; baseline -0.004 -25"><span class='ocrx_word' id='word_1_46' title='bbox 277 1067 336 1178; x_wconf 68' lang='lat' dir='ltr'><strong>ipesis</strong></span> <span class='ocrx_word' id='word_1_47' title='bbox 353 1065 604 1164; x_wconf 57' lang='lat' dir='ltr'><strong>trdeedecimpPersodis</strong></span> <span class='ocrx_word' id='word_1_48' title='bbox 626 1066 669 1163; x_wconf 60' lang='lat' dir='ltr'><strong>add</strong></span> <span class='ocrx_word' id='word_1_49' title='bbox 686 1129 787 1172; x_wconf 82' lang='lat' dir='ltr'><strong>marcas,</strong></span> <span class='ocrx_word' id='word_1_50' title='bbox 800 1113 901 1161; x_wconf 87' lang='lat' dir='ltr'><strong>nomine</strong></span> <span class='ocrx_word' id='word_1_51' title='bbox 917 1112 1046 1175; x_wconf 86' lang='lat' dir='ltr'><strong>porcionis,</strong></span> <span class='ocrx_word' id='word_1_52' title='bbox 1060 1063 1191 1162; x_wconf 70' lang='lat' dir='ltr'><strong>anduatim</strong></span> <span class='ocrx_word' id='word_1_53' title='bbox 1208 1110 1336 1189; x_wconf 83' lang='lat' dir='ltr'><strong>percipiat,</strong></span> 
     </span>
     <span class='ocr_line' id='line_1_8' title="bbox 276 1176 1337 1242; baseline -0.004 -13"><span class='ocrx_word' id='word_1_54' title='bbox 276 1182 308 1230; x_wconf 91' lang='lat' dir='ltr'><strong>de</strong></span> <span class='ocrx_word' id='word_1_55' title='bbox 326 1180 399 1229; x_wconf 89' lang='lat' dir='ltr'><strong>bonis</strong></span> <span class='ocrx_word' id='word_1_56' title='bbox 415 1179 562 1242; x_wconf 86' lang='lat' dir='ltr'><strong>hujusmodi</strong></span> <span class='ocrx_word' id='word_1_57' title='bbox 588 1179 753 1228; x_wconf 81' lang='lat' dir='ltr'><strong>Ecclesiarum</strong></span> <span class='ocrx_word' id='word_1_58' title='bbox 782 1178 964 1226; x_wconf 85' lang='lat' dir='ltr'><strong>Parocbialium</strong></span> <span class='ocrx_word' id='word_1_59' title='bbox 980 1177 1135 1240; x_wconf 78' lang='lat' dir='ltr'><strong>assignatas3</strong></span> <span class='ocrx_word' id='word_1_60' title='bbox 1152 1177 1195 1236; x_wconf 72' lang='lat' dir='ltr'><strong>ita</strong></span> <span class='ocrx_word' id='word_1_61' title='bbox 1212 1176 1337 1234; x_wconf 78' lang='lat' dir='ltr'><strong>videlicet,</strong></span> 
     </span>
     <span class='ocr_line' id='line_1_9' title="bbox 278 1241 1339 1308; baseline -0.004 -14"><span class='ocrx_word' id='word_1_62' title='bbox 278 1245 345 1308; x_wconf 90' lang='lat' dir='ltr'><strong>quod</strong></span> <span class='ocrx_word' id='word_1_63' title='bbox 357 1243 478 1308; x_wconf 89' lang='lat' dir='ltr'><strong>quicquid</strong></span> <span class='ocrx_word' id='word_1_64' title='bbox 489 1244 600 1292; x_wconf 81' lang='lat' dir='ltr'><strong>arbonis</strong></span> <span class='ocrx_word' id='word_1_65' title='bbox 611 1244 651 1307; x_wconf 91' lang='lat' dir='ltr'><strong>pia</strong></span> <span class='ocrx_word' id='word_1_66' title='bbox 658 1244 789 1292; x_wconf 73' lang='lat' dir='ltr'><strong>collacione</strong></span> <span class='ocrx_word' id='word_1_67' title='bbox 799 1241 822 1290; x_wconf 85' lang='lat' dir='ltr'><strong>F</strong></span> <span class='ocrx_word' id='word_1_68' title='bbox 821 1243 925 1291; x_wconf 89' lang='lat' dir='ltr'><strong>idalium</strong></span> <span class='ocrx_word' id='word_1_69' title='bbox 934 1243 1183 1291; x_wconf 77' lang='lat' dir='ltr'><strong>adaustcntacionem</strong></span> <span class='ocrx_word' id='word_1_70' title='bbox 1190 1241 1339 1305; x_wconf 88' lang='lat' dir='ltr'><strong>hujmmodi</strong></span> 
     </span>
     <span class='ocr_line' id='line_1_10' title="bbox 278 1308 1339 1372; baseline -0.003 -14"><span class='ocrx_word' id='word_1_71' title='bbox 278 1309 452 1359; x_wconf 81' lang='lat' dir='ltr'><strong>Ministrorum</strong></span> <span class='ocrx_word' id='word_1_72' title='bbox 479 1309 609 1372; x_wconf 84' lang='lat' dir='ltr'><strong>assignatis</strong></span> <span class='ocrx_word' id='word_1_73' title='bbox 639 1309 679 1357; x_wconf 83' lang='lat' dir='ltr'><strong>vel</strong></span> <span class='ocrx_word' id='word_1_74' title='bbox 712 1308 873 1370; x_wconf 74' lang='lat' dir='ltr'><strong>meigunndis,</strong></span> <span class='ocrx_word' id='word_1_75' title='bbox 898 1308 966 1357; x_wconf 84' lang='lat' dir='ltr'><strong>ultra</strong></span> <span class='ocrx_word' id='word_1_76' title='bbox 992 1308 1117 1370; x_wconf 74' lang='lat' dir='ltr'><strong>proiciam</strong></span> <span class='ocrx_word' id='word_1_77' title='bbox 1143 1321 1269 1356; x_wconf 86' lang='lat' dir='ltr'><strong>summam</strong></span> <span class='ocrx_word' id='word_1_78' title='bbox 1293 1321 1339 1355; x_wconf 83' lang='lat' dir='ltr'><strong>sex</strong></span> 
     </span>
     <span class='ocr_line' id='line_1_11' title="bbox 278 1371 1340 1435; baseline -0.004 -12"><span class='ocrx_word' id='word_1_79' title='bbox 278 1389 426 1435; x_wconf 86' lang='lat' dir='ltr'><strong>marcarum,</strong></span> <span class='ocrx_word' id='word_1_80' title='bbox 437 1379 538 1422; x_wconf 82' lang='lat' dir='ltr'><strong>auctore</strong></span> <span class='ocrx_word' id='word_1_81' title='bbox 555 1373 670 1433; x_wconf 88' lang='lat' dir='ltr'><strong>Domino,</strong></span> <span class='ocrx_word' id='word_1_82' title='bbox 680 1373 785 1422; x_wconf 83' lang='lat' dir='ltr'><strong>creverit</strong></span> <span class='ocrx_word' id='word_1_83' title='bbox 800 1373 827 1420; x_wconf 89' lang='lat' dir='ltr'><strong>iu</strong></span> <span class='ocrx_word' id='word_1_84' title='bbox 838 1373 955 1421; x_wconf 81' lang='lat' dir='ltr'><strong>futurum</strong></span> <span class='ocrx_word' id='word_1_85' title='bbox 972 1371 1146 1432; x_wconf 79' lang='lat' dir='ltr'><strong>residentibus,</strong></span> <span class='ocrx_word' id='word_1_86' title='bbox 1162 1376 1189 1420; x_wconf 90' lang='lat' dir='ltr'><strong>et</strong></span> <span class='ocrx_word' id='word_1_87' title='bbox 1205 1371 1340 1420; x_wconf 78' lang='lat' dir='ltr'><strong>Matutinis</strong></span> 
     </span>
     <span class='ocr_line' id='line_1_12' title="bbox 279 1436 1339 1502; baseline -0.004 -14"><span class='ocrx_word' id='word_1_88' title='bbox 279 1439 319 1488; x_wconf 87' lang='lat' dir='ltr'><strong>vel</strong></span> <span class='ocrx_word' id='word_1_89' title='bbox 340 1439 367 1488; x_wconf 89' lang='lat' dir='ltr'><strong>iu</strong></span> <span class='ocrx_word' id='word_1_90' title='bbox 386 1439 477 1502; x_wconf 78' lang='lat' dir='ltr'><strong>lingna</strong></span> <span class='ocrx_word' id='word_1_91' title='bbox 498 1439 574 1488; x_wconf 82' lang='lat' dir='ltr'><strong>Missa</strong></span> <span class='ocrx_word' id='word_1_92' title='bbox 595 1438 760 1501; x_wconf 78' lang='lat' dir='ltr'><strong>presentibus,</strong></span> <span class='ocrx_word' id='word_1_93' title='bbox 782 1439 823 1486; x_wconf 88' lang='lat' dir='ltr'><strong>vel</strong></span> <span class='ocrx_word' id='word_1_94' title='bbox 845 1437 1006 1501; x_wconf 74' lang='lat' dir='ltr'><strong>principalem</strong></span> <span class='ocrx_word' id='word_1_95' title='bbox 1022 1452 1108 1485; x_wconf 88' lang='lat' dir='ltr'><strong>menae</strong></span> <span class='ocrx_word' id='word_1_96' title='bbox 1129 1436 1291 1485; x_wconf 78' lang='lat' dir='ltr'><strong>reiectionem</strong></span> <span class='ocrx_word' id='word_1_97' title='bbox 1312 1436 1339 1484; x_wconf 91' lang='lat' dir='ltr'><strong>in</strong></span> 
     </span>
     <span class='ocr_line' id='line_1_13' title="bbox 279 1501 1339 1566; baseline -0.004 -13"><span class='ocrx_word' id='word_1_98' title='bbox 279 1505 368 1553; x_wconf 87' lang='lat' dir='ltr'><strong>eodem</strong></span> <span class='ocrx_word' id='word_1_99' title='bbox 386 1503 440 1552; x_wconf 93' lang='lat' dir='ltr'><strong>loco</strong></span> <span class='ocrx_word' id='word_1_100' title='bbox 459 1503 682 1552; x_wconf 82' lang='lat' dir='ltr'><strong>sumentibus-ad</strong></span> <span class='ocrx_word' id='word_1_101' title='bbox 699 1518 750 1566; x_wconf 89' lang='lat' dir='ltr'><strong>que</strong></span> <span class='ocrx_word' id='word_1_102' title='bbox 765 1503 890 1551; x_wconf 70' lang='lat' dir='ltr'><strong>intrantes</strong></span> <span class='ocrx_word' id='word_1_103' title='bbox 908 1502 1045 1551; x_wconf 80' lang='lat' dir='ltr'><strong>Canonieos</strong></span> <span class='ocrx_word' id='word_1_104' title='bbox 1060 1502 1141 1565; x_wconf 85' lang='lat' dir='ltr'><strong>prima</strong></span> <span class='ocrx_word' id='word_1_105' title='bbox 1155 1501 1196 1550; x_wconf 90' lang='lat' dir='ltr'><strong>die</strong></span> <span class='ocrx_word' id='word_1_106' title='bbox 1214 1501 1339 1550; x_wconf 84' lang='lat' dir='ltr'><strong>adventus</strong></span> 
     </span>
     <span class='ocr_line' id='line_1_14' title="bbox 280 1566 1338 1618; baseline -0.004 0"><span class='ocrx_word' id='word_1_107' title='bbox 280 1569 320 1618; x_wconf 89' lang='lat' dir='ltr'><strong>sui</strong></span> <span class='ocrx_word' id='word_1_108' title='bbox 347 1569 465 1618; x_wconf 89' lang='lat' dir='ltr'><strong>uolumus</strong></span> <span class='ocrx_word' id='word_1_109' title='bbox 481 1569 694 1617; x_wconf 85' lang='lat' dir='ltr'><strong>artare—nomine</strong></span> <span class='ocrx_word' id='word_1_110' title='bbox 719 1568 842 1616; x_wconf 79' lang='lat' dir='ltr'><strong>cotidiano</strong></span> <span class='ocrx_word' id='word_1_111' title='bbox 869 1567 1055 1616; x_wconf 85' lang='lat' dir='ltr'><strong>distribacionis</strong></span> <span class='ocrx_word' id='word_1_112' title='bbox 1071 1572 1200 1615; x_wconf 86' lang='lat' dir='ltr'><strong>accrescat</strong></span> <span class='ocrx_word' id='word_1_113' title='bbox 1234 1566 1276 1616; x_wconf 76' lang='lat' dir='ltr'><strong>Aa</strong></span> <span class='ocrx_word' id='word_1_114' title='bbox 1292 1566 1338 1615; x_wconf 90' lang='lat' dir='ltr'><strong>hec</strong></span> 
     </span>
     <span class='ocr_line' id='line_1_15' title="bbox 280 1631 1339 1696; baseline -0.003 -13"><span class='ocrx_word' id='word_1_115' title='bbox 280 1634 425 1683; x_wconf 85' lang='lat' dir='ltr'><strong>diffiniendo</strong></span> <span class='ocrx_word' id='word_1_116' title='bbox 447 1634 591 1682; x_wconf 74' lang='lat' dir='ltr'><strong>ordinamus</strong></span> <span class='ocrx_word' id='word_1_117' title='bbox 613 1639 644 1681; x_wconf 92' lang='lat' dir='ltr'><strong>ut</strong></span> <span class='ocrx_word' id='word_1_118' title='bbox 665 1633 692 1681; x_wconf 92' lang='lat' dir='ltr'><strong>in</strong></span> <span class='ocrx_word' id='word_1_119' title='bbox 711 1633 823 1696; x_wconf 86' lang='lat' dir='ltr'><strong>qualibet</strong></span> <span class='ocrx_word' id='word_1_120' title='bbox 845 1649 877 1681; x_wconf 86' lang='lat' dir='ltr'><strong>ex</strong></span> <span class='ocrx_word' id='word_1_121' title='bbox 896 1632 1014 1696; x_wconf 78' lang='lat' dir='ltr'><strong>predictis</strong></span> <span class='ocrx_word' id='word_1_122' title='bbox 1035 1632 1118 1681; x_wconf 88' lang='lat' dir='ltr'><strong>tribus</strong></span> <span class='ocrx_word' id='word_1_123' title='bbox 1136 1631 1252 1680; x_wconf 79' lang='lat' dir='ltr'><strong>lleclesiis</strong></span> <span class='ocrx_word' id='word_1_124' title='bbox 1271 1646 1339 1680; x_wconf 88' lang='lat' dir='ltr'><strong>unua</strong></span> 
     </span>
     <span class='ocr_line' id='line_1_16' title="bbox 281 1693 1340 1761; baseline -0.003 -14"><span class='ocrx_word' id='word_1_125' title='bbox 281 1699 411 1748; x_wconf 86' lang='lat' dir='ltr'><strong>ordinetur</strong></span> <span class='ocrx_word' id='word_1_126' title='bbox 432 1698 545 1747; x_wconf 82' lang='lat' dir='ltr'><strong>Vicariua</strong></span> <span class='ocrx_word' id='word_1_127' title='bbox 573 1699 721 1761; x_wconf 85' lang='lat' dir='ltr'><strong>Perpetuus,</strong></span> <span class='ocrx_word' id='word_1_128' title='bbox 744 1713 788 1760; x_wconf 85' lang='lat' dir='ltr'><strong>per</strong></span> <span class='ocrx_word' id='word_1_129' title='bbox 809 1713 855 1745; x_wconf 87' lang='lat' dir='ltr'><strong>nos</strong></span> <span class='ocrx_word' id='word_1_130' title='bbox 876 1702 903 1746; x_wconf 94' lang='lat' dir='ltr'><strong>et</strong></span> <span class='ocrx_word' id='word_1_131' title='bbox 924 1712 1076 1746; x_wconf 58' lang='lat' dir='ltr'><strong>succursores</strong></span> <span class='ocrx_word' id='word_1_132' title='bbox 1096 1700 1194 1745; x_wconf 64' lang='lat' dir='ltr'><strong>nocuos</strong></span> <span class='ocrx_word' id='word_1_133' title='bbox 1217 1693 1340 1744; x_wconf 76' lang='lat' dir='ltr'><strong>canonice</strong></span> 
     </span>
     <span class='ocr_line' id='line_1_17' title="bbox 281 1761 1340 1826; baseline -0.002 -14"><span class='ocrx_word' id='word_1_134' title='bbox 281 1763 459 1824; x_wconf 87' lang='lat' dir='ltr'><strong>instituendus,</strong></span> <span class='ocrx_word' id='word_1_135' title='bbox 471 1779 558 1812; x_wconf 86' lang='lat' dir='ltr'><strong>curam</strong></span> <span class='ocrx_word' id='word_1_136' title='bbox 569 1762 648 1826; x_wconf 88' lang='lat' dir='ltr'><strong>plebis</strong></span> <span class='ocrx_word' id='word_1_137' title='bbox 664 1763 759 1812; x_wconf 84' lang='lat' dir='ltr'><strong>habens</strong></span> <span class='ocrx_word' id='word_1_138' title='bbox 771 1778 778 1821; x_wconf 81' lang='lat'><em>3</em></span> <span class='ocrx_word' id='word_1_139' title='bbox 795 1767 823 1811; x_wconf 92' lang='lat' dir='ltr'><strong>et</strong></span> <span class='ocrx_word' id='word_1_140' title='bbox 838 1762 946 1825; x_wconf 91' lang='lat' dir='ltr'><strong>quilibet</strong></span> <span class='ocrx_word' id='word_1_141' title='bbox 963 1762 990 1810; x_wconf 92' lang='lat' dir='ltr'><strong>in</strong></span> <span class='ocrx_word' id='word_1_142' title='bbox 1001 1777 1048 1811; x_wconf 87' lang='lat' dir='ltr'><strong>sua</strong></span> <span class='ocrx_word' id='word_1_143' title='bbox 1057 1761 1144 1824; x_wconf 84' lang='lat' dir='ltr'><strong>jugem</strong></span> <span class='ocrx_word' id='word_1_144' title='bbox 1155 1777 1184 1810; x_wconf 88' lang='lat' dir='ltr'><strong>ac</strong></span> <span class='ocrx_word' id='word_1_145' title='bbox 1193 1761 1340 1810; x_wconf 83' lang='lat' dir='ltr'><strong>continuam</strong></span> 
     </span>
     <span class='ocr_line' id='line_1_18' title="bbox 281 1826 1342 1892; baseline -0.002 -15"><span class='ocrx_word' id='word_1_146' title='bbox 281 1828 357 1878; x_wconf 85' lang='lat' dir='ltr'><strong>iaciat</strong></span> <span class='ocrx_word' id='word_1_147' title='bbox 376 1828 538 1877; x_wconf 89' lang='lat' dir='ltr'><strong>residenciam</strong></span> <span class='ocrx_word' id='word_1_148' title='bbox 555 1827 715 1892; x_wconf 71' lang='lat' dir='ltr'><strong>personalem.</strong></span> <span class='ocrx_word' id='word_1_149' title='bbox 751 1827 786 1876; x_wconf 79' lang='lat' dir='ltr'><strong>lit</strong></span> <span class='ocrx_word' id='word_1_150' title='bbox 803 1828 872 1890; x_wconf 90' lang='lat' dir='ltr'><strong>quod</strong></span> <span class='ocrx_word' id='word_1_151' title='bbox 886 1827 1011 1876; x_wconf 84' lang='lat' dir='ltr'><strong>dictarum</strong></span> <span class='ocrx_word' id='word_1_152' title='bbox 1027 1826 1189 1887; x_wconf 85' lang='lat' dir='ltr'><strong>Vicariaram,</strong></span> <span class='ocrx_word' id='word_1_153' title='bbox 1200 1841 1298 1875; x_wconf 87' lang='lat' dir='ltr'><strong>necnon</strong></span> <span class='ocrx_word' id='word_1_154' title='bbox 1314 1829 1342 1875; x_wconf 86' lang='lat' dir='ltr'><strong>et</strong></span> 
     </span>
     <span class='ocr_line' id='line_1_19' title="bbox 281 1891 1341 1956; baseline -0.002 -14"><span class='ocrx_word' id='word_1_155' title='bbox 281 1894 349 1942; x_wconf 83' lang='lat' dir='ltr'><strong>dicte</strong></span> <span class='ocrx_word' id='word_1_156' title='bbox 360 1891 494 1956; x_wconf 71' lang='lat' dir='ltr'><strong>collegiata</strong></span> <span class='ocrx_word' id='word_1_157' title='bbox 506 1893 614 1942; x_wconf 84' lang='lat' dir='ltr'><strong>Ecclesia</strong></span> <span class='ocrx_word' id='word_1_158' title='bbox 625 1893 771 1956; x_wconf 87' lang='lat' dir='ltr'><strong>porcicnum</strong></span> <span class='ocrx_word' id='word_1_159' title='bbox 789 1892 897 1942; x_wconf 76' lang='lat' dir='ltr'><strong>Collacic</strong></span> <span class='ocrx_word' id='word_1_160' title='bbox 912 1893 945 1941; x_wconf 87' lang='lat' dir='ltr'><strong>ad</strong></span> <span class='ocrx_word' id='word_1_161' title='bbox 963 1905 1011 1941; x_wconf 87' lang='lat' dir='ltr'><strong>nos</strong></span> <span class='ocrx_word' id='word_1_162' title='bbox 1028 1897 1055 1941; x_wconf 90' lang='lat' dir='ltr'><strong>et</strong></span> <span class='ocrx_word' id='word_1_163' title='bbox 1072 1907 1224 1941; x_wconf 65' lang='lat' dir='ltr'><strong>succesores</strong></span> <span class='ocrx_word' id='word_1_164' title='bbox 1234 1895 1341 1951; x_wconf 87' lang='lat' dir='ltr'><strong>nostroe,</strong></span> 
     </span>
     <span class='ocr_line' id='line_1_20' title="bbox 282 1957 1342 2022; baseline -0.002 -15"><span class='ocrx_word' id='word_1_165' title='bbox 282 1959 418 2022; x_wconf 80' lang='lat' dir='ltr'><strong>Episcopoe</strong></span> <span class='ocrx_word' id='word_1_166' title='bbox 435 1958 593 2016; x_wconf 81' lang='lat' dir='ltr'><strong>Exonienses,</strong></span> <span class='ocrx_word' id='word_1_167' title='bbox 613 1958 738 2021; x_wconf 88' lang='lat' dir='ltr'><strong>pertineat</strong></span> <span class='ocrx_word' id='word_1_168' title='bbox 754 1957 781 2005; x_wconf 90' lang='lat' dir='ltr'><strong>in</strong></span> <span class='ocrx_word' id='word_1_169' title='bbox 797 1958 916 2006; x_wconf 81' lang='lat' dir='ltr'><strong>futurum</strong></span> <span class='ocrx_word' id='word_1_170' title='bbox 931 1973 938 2017; x_wconf 90' lang='lat'>;</span> <span class='ocrx_word' id='word_1_171' title='bbox 953 1957 1062 2020; x_wconf 80' lang='lat' dir='ltr'><strong>augendi</strong></span> <span class='ocrx_word' id='word_1_172' title='bbox 1083 1971 1185 2020; x_wconf 90' lang='lat' dir='ltr'><strong>quoque</strong></span> <span class='ocrx_word' id='word_1_173' title='bbox 1206 1969 1342 2005; x_wconf 86' lang='lat' dir='ltr'><strong>numerum</strong></span> 
     </span>
     <span class='ocr_line' id='line_1_21' title="bbox 283 2021 1344 2086; baseline -0.002 -14"><span class='ocrx_word' id='word_1_174' title='bbox 283 2023 455 2072; x_wconf 78' lang='lat' dir='ltr'><strong>Ministrorum</strong></span> <span class='ocrx_word' id='word_1_175' title='bbox 467 2027 493 2071; x_wconf 90' lang='lat' dir='ltr'><strong>et</strong></span> <span class='ocrx_word' id='word_1_176' title='bbox 509 2038 596 2070; x_wconf 89' lang='lat' dir='ltr'><strong>eorum</strong></span> <span class='ocrx_word' id='word_1_177' title='bbox 612 2023 745 2086; x_wconf 89' lang='lat' dir='ltr'><strong>supplendi</strong></span> <span class='ocrx_word' id='word_1_178' title='bbox 761 2022 895 2085; x_wconf 88' lang='lat' dir='ltr'><strong>porciones,</strong></span> <span class='ocrx_word' id='word_1_179' title='bbox 905 2037 964 2071; x_wconf 90' lang='lat' dir='ltr'><strong>cum</strong></span> <span class='ocrx_word' id='word_1_180' title='bbox 980 2023 1096 2086; x_wconf 81' lang='lat' dir='ltr'><strong>expedire</strong></span> <span class='ocrx_word' id='word_1_181' title='bbox 1111 2021 1256 2083; x_wconf 85' lang='lat' dir='ltr'><strong>viderimus,</strong></span> <span class='ocrx_word' id='word_1_182' title='bbox 1267 2025 1344 2084; x_wconf 84' lang='lat' dir='ltr'><strong>prout</strong></span> 
     </span>
     <span class='ocr_line' id='line_1_22' title="bbox 284 2085 1342 2150; baseline -0.002 -14"><span class='ocrx_word' id='word_1_183' title='bbox 284 2087 343 2137; x_wconf 84' lang='lat' dir='ltr'><strong>Loci</strong></span> <span class='ocrx_word' id='word_1_184' title='bbox 351 2087 473 2136; x_wconf 78' lang='lat' dir='ltr'><strong>creverint</strong></span> <span class='ocrx_word' id='word_1_185' title='bbox 485 2087 617 2136; x_wconf 54' lang='lat' dir='ltr'><strong>&amp;salutes</strong></span> <span class='ocrx_word' id='word_1_186' title='bbox 630 2103 636 2146; x_wconf 87' lang='lat'><strong>;</strong></span> <span class='ocrx_word' id='word_1_187' title='bbox 647 2091 674 2135; x_wconf 87' lang='lat' dir='ltr'><strong>et</strong></span> <span class='ocrx_word' id='word_1_188' title='bbox 684 2087 733 2136; x_wconf 80' lang='lat' dir='ltr'><strong>alia</strong></span> <span class='ocrx_word' id='word_1_189' title='bbox 741 2087 919 2137; x_wconf 80' lang='lat' dir='ltr'><strong>reformacionc</strong></span> <span class='ocrx_word' id='word_1_190' title='bbox 932 2087 1016 2136; x_wconf 75' lang='lat' dir='ltr'><strong>forsan</strong></span> <span class='ocrx_word' id='word_1_191' title='bbox 1027 2087 1103 2150; x_wconf 78' lang='lat' dir='ltr'><strong>digna</strong></span> <span class='ocrx_word' id='word_1_192' title='bbox 1110 2085 1256 2136; x_wconf 82' lang='lat' dir='ltr'><strong>inmutandi</strong></span> <span class='ocrx_word' id='word_1_193' title='bbox 1269 2085 1342 2135; x_wconf 89' lang='lat' dir='ltr'><strong>nobis</strong></span> 
     </span>
     <span class='ocr_line' id='line_1_23' title="bbox 287 2150 1337 2215; baseline -0.002 -14"><span class='ocrx_word' id='word_1_194' title='bbox 287 2157 440 2215; x_wconf 88' lang='lat' dir='ltr'><strong>potestatem</strong></span> <span class='ocrx_word' id='word_1_195' title='bbox 461 2151 606 2201; x_wconf 86' lang='lat' dir='ltr'><strong>retinemus.</strong></span> <span class='ocrx_word' id='word_1_196' title='bbox 642 2151 774 2212; x_wconf 87' lang='lat' dir='ltr'><strong>Premisss,</strong></span> <span class='ocrx_word' id='word_1_197' title='bbox 797 2167 863 2210; x_wconf 80' lang='lat' dir='ltr'><strong>vero,</strong></span> <span class='ocrx_word' id='word_1_198' title='bbox 886 2153 970 2201; x_wconf 91' lang='lat' dir='ltr'><strong>omnia</strong></span> <span class='ocrx_word' id='word_1_199' title='bbox 997 2152 1106 2202; x_wconf 82' lang='lat' dir='ltr'><strong>lecimus</strong></span> <span class='ocrx_word' id='word_1_200' title='bbox 1127 2157 1154 2201; x_wconf 89' lang='lat' dir='ltr'><strong>et</strong></span> <span class='ocrx_word' id='word_1_201' title='bbox 1174 2150 1337 2201; x_wconf 85' lang='lat' dir='ltr'><strong>ordinarimu</strong></span> 
     </span>
     <span class='ocr_line' id='line_1_24' title="bbox 285 2215 1342 2281; baseline 0 -15"><span class='ocrx_word' id='word_1_202' title='bbox 285 2217 360 2266; x_wconf 85' lang='lat' dir='ltr'><strong>salvis</strong></span> <span class='ocrx_word' id='word_1_203' title='bbox 371 2217 398 2266; x_wconf 91' lang='lat' dir='ltr'><strong>in</strong></span> <span class='ocrx_word' id='word_1_204' title='bbox 417 2217 536 2266; x_wconf 89' lang='lat' dir='ltr'><strong>omnibus</strong></span> <span class='ocrx_word' id='word_1_205' title='bbox 552 2217 677 2280; x_wconf 77' lang='lat' dir='ltr'><strong>dignitate</strong></span> <span class='ocrx_word' id='word_1_206' title='bbox 693 2221 720 2265; x_wconf 89' lang='lat' dir='ltr'><strong>et</strong></span> <span class='ocrx_word' id='word_1_207' title='bbox 736 2217 830 2266; x_wconf 89' lang='lat' dir='ltr'><strong>honore</strong></span> <span class='ocrx_word' id='word_1_208' title='bbox 846 2217 994 2281; x_wconf 82' lang='lat' dir='ltr'><strong>Episcopali,</strong></span> <span class='ocrx_word' id='word_1_209' title='bbox 1005 2218 1062 2280; x_wconf 80' lang='lat' dir='ltr'><strong>jure</strong></span> <span class='ocrx_word' id='word_1_210' title='bbox 1074 2217 1183 2266; x_wconf 79' lang='lat' dir='ltr'><strong>Ecclesia</strong></span> <span class='ocrx_word' id='word_1_211' title='bbox 1194 2215 1342 2266; x_wconf 70' lang='lat' dir='ltr'><strong>uranicum</strong></span> 
     </span>
     <span class='ocr_line' id='line_1_25' title="bbox 285 2280 1344 2346; baseline 0 -16"><span class='ocrx_word' id='word_1_212' title='bbox 285 2281 908 2346; x_wconf 73' lang='lat' dir='ltr'><strong>etjuredrchidiacolani,(aic)taminappropriatis</strong></span> <span class='ocrx_word' id='word_1_213' title='bbox 914 2280 1344 2346; x_wconf 77' lang='lat' dir='ltr'><strong>quaminappropriandisllcelesiis</strong></span> 
     </span>
     <span class='ocr_line' id='line_1_26' title="bbox 284 2345 1344 2410; baseline -0.002 -14"><span class='ocrx_word' id='word_1_214' title='bbox 284 2349 348 2396; x_wconf 83' lang='lat' dir='ltr'><strong>-lu</strong></span> <span class='ocrx_word' id='word_1_215' title='bbox 370 2347 448 2410; x_wconf 85' lang='lat' dir='ltr'><strong>hujus</strong></span> <span class='ocrx_word' id='word_1_216' title='bbox 469 2347 506 2395; x_wconf 90' lang='lat' dir='ltr'><strong>rei</strong></span> <span class='ocrx_word' id='word_1_217' title='bbox 533 2347 714 2409; x_wconf 87' lang='lat' dir='ltr'><strong>testimonium,</strong></span> <span class='ocrx_word' id='word_1_218' title='bbox 737 2347 769 2395; x_wconf 84' lang='lat' dir='ltr'><strong>ed</strong></span> <span class='ocrx_word' id='word_1_219' title='bbox 796 2352 910 2396; x_wconf 82' lang='lat' dir='ltr'><strong>eternam</strong></span> <span class='ocrx_word' id='word_1_220' title='bbox 936 2347 1090 2408; x_wconf 88' lang='lat' dir='ltr'><strong>memoriam,</strong></span> <span class='ocrx_word' id='word_1_221' title='bbox 1113 2346 1188 2410; x_wconf 74' lang='lat' dir='ltr'><strong>sigilli</strong></span> <span class='ocrx_word' id='word_1_222' title='bbox 1214 2345 1295 2396; x_wconf 75' lang='lat' dir='ltr'><strong>nostri</strong></span> <span class='ocrx_word' id='word_1_223' title='bbox 1316 2349 1344 2394; x_wconf 83' lang='lat' dir='ltr'><strong>et</strong></span> 
     </span>
     <span class='ocr_line' id='line_1_27' title="bbox 286 2410 1343 2475; baseline 0 -15"><span class='ocrx_word' id='word_1_224' title='bbox 286 2411 451 2460; x_wconf 88' lang='lat' dir='ltr'><strong>Dominorum</strong></span> <span class='ocrx_word' id='word_1_225' title='bbox 480 2411 573 2461; x_wconf 88' lang='lat' dir='ltr'><strong>Decani</strong></span> <span class='ocrx_word' id='word_1_226' title='bbox 594 2417 621 2460; x_wconf 94' lang='lat' dir='ltr'><strong>et</strong></span> <span class='ocrx_word' id='word_1_227' title='bbox 650 2412 761 2474; x_wconf 75' lang='lat' dir='ltr'><strong>Capituli</strong></span> <span class='ocrx_word' id='word_1_228' title='bbox 778 2413 874 2460; x_wconf 78' lang='lat' dir='ltr'><strong>[ironia</strong></span> <span class='ocrx_word' id='word_1_229' title='bbox 896 2411 1036 2461; x_wconf 86' lang='lat' dir='ltr'><strong>munimine</strong></span> <span class='ocrx_word' id='word_1_230' title='bbox 1062 2417 1204 2474; x_wconf 87' lang='lat' dir='ltr'><strong>presentem</strong></span> <span class='ocrx_word' id='word_1_231' title='bbox 1225 2410 1343 2475; x_wconf 67' lang='lat' dir='ltr'><strong>peginam</strong></span> 
     </span>
     <span class='ocr_line' id='line_1_28' title="bbox 285 2475 1344 2540; baseline -0.002 -14"><span class='ocrx_word' id='word_1_232' title='bbox 285 2477 403 2526; x_wconf 89' lang='lat' dir='ltr'><strong>duximus</strong></span> <span class='ocrx_word' id='word_1_233' title='bbox 414 2477 584 2526; x_wconf 80' lang='lat' dir='ltr'><strong>roborandam.</strong></span> <span class='ocrx_word' id='word_1_234' title='bbox 620 2478 713 2525; x_wconf 77' lang='lat' dir='ltr'><strong>Actum</strong></span> <span class='ocrx_word' id='word_1_235' title='bbox 728 2481 755 2526; x_wconf 87' lang='lat' dir='ltr'><strong>et·</strong></span> <span class='ocrx_word' id='word_1_236' title='bbox 772 2477 877 2537; x_wconf 92' lang='lat' dir='ltr'><strong>Datum,</strong></span> <span class='ocrx_word' id='word_1_237' title='bbox 888 2478 957 2540; x_wconf 89' lang='lat' dir='ltr'><strong>apud</strong></span> <span class='ocrx_word' id='word_1_238' title='bbox 973 2477 1122 2538; x_wconf 82' lang='lat' dir='ltr'><strong>Glasneiam,</strong></span> <span class='ocrx_word' id='word_1_239' title='bbox 1133 2476 1241 2539; x_wconf 80' lang='lat' dir='ltr'><strong>septimo</strong></span> <span class='ocrx_word' id='word_1_240' title='bbox 1253 2475 1344 2525; x_wconf 81' lang='lat' dir='ltr'><strong>Kalen·</strong></span> 
     </span>
     <span class='ocr_line' id='line_1_29' title="bbox 284 2539 1345 2605; baseline -0.002 -14"><span class='ocrx_word' id='word_1_241' title='bbox 284 2543 328 2591; x_wconf 81' lang='lat' dir='ltr'><strong>das</strong></span> <span class='ocrx_word' id='word_1_242' title='bbox 348 2541 441 2605; x_wconf 77' lang='lat' dir='ltr'><strong>Aprilis</strong></span> <span class='ocrx_word' id='word_1_243' title='bbox 469 2543 511 2604; x_wconf 75' lang='lat'><strong>[⁴26</strong></span> <span class='ocrx_word' id='word_1_244' title='bbox 534 2539 640 2604; x_wconf 82' lang='lat' dir='ltr'><strong>liarcb],</strong></span> <span class='ocrx_word' id='word_1_245' title='bbox 667 2541 849 2591; x_wconf 73' lang='lat' dir='ltr'><strong>incarnacionis</strong></span> <span class='ocrx_word' id='word_1_246' title='bbox 870 2541 1002 2591; x_wconf 90' lang='lat' dir='ltr'><strong>Dominice</strong></span> <span class='ocrx_word' id='word_1_247' title='bbox 1019 2541 1152 2591; x_wconf 80' lang='lat' dir='ltr'><strong>Millesimo</strong></span> <span class='ocrx_word' id='word_1_248' title='bbox 1173 2540 1345 2591; x_wconf 81' lang='lat' dir='ltr'><strong>ducentesimo</strong></span> 
     </span>
     <span class='ocr_line' id='line_1_30' title="bbox 285 2606 1346 2670; baseline 0 -15"><span class='ocrx_word' id='word_1_249' title='bbox 285 2608 437 2669; x_wconf 79' lang='lat' dir='ltr'><strong>sexagesimo</strong></span> <span class='ocrx_word' id='word_1_250' title='bbox 459 2606 573 2670; x_wconf 90' lang='lat' dir='ltr'><strong>septimo,</strong></span> <span class='ocrx_word' id='word_1_251' title='bbox 597 2608 795 2657; x_wconf 74' lang='lat' dir='ltr'><strong>consecracionis</strong></span> <span class='ocrx_word' id='word_1_252' title='bbox 814 2612 899 2656; x_wconf 83' lang='lat' dir='ltr'><strong>nostre</strong></span> <span class='ocrx_word' id='word_1_253' title='bbox 924 2608 1028 2665; x_wconf 88' lang='lat' dir='ltr'><strong>decimo,</strong></span> <span class='ocrx_word' id='word_1_254' title='bbox 1048 2612 1075 2656; x_wconf 89' lang='lat' dir='ltr'><strong>et</strong></span> <span class='ocrx_word' id='word_1_255' title='bbox 1097 2606 1263 2655; x_wconf 82' lang='lat' dir='ltr'><strong>Ftrndeeionis</strong></span> <span class='ocrx_word' id='word_1_256' title='bbox 1286 2606 1346 2655; x_wconf 82' lang='lat' dir='ltr'><strong>Loci</strong></span> 
     </span>
     <span class='ocr_line' id='line_1_31' title="bbox 285 2671 1346 2735; baseline -0.002 -14"><span class='ocrx_word' id='word_1_257' title='bbox 285 2672 391 2735; x_wconf 87' lang='lat' dir='ltr'><strong>predicti</strong></span> <span class='ocrx_word' id='word_1_258' title='bbox 409 2687 475 2721; x_wconf 87' lang='lat' dir='ltr'><strong>anno</strong></span> <span class='ocrx_word' id='word_1_259' title='bbox 493 2672 576 2721; x_wconf 86' lang='lat' dir='ltr'><strong>tercio.</strong></span> <span class='ocrx_word' id='word_1_260' title='bbox 612 2672 738 2732; x_wconf 86' lang='lat' dir='ltr'><strong>[Stitched</strong></span> <span class='ocrx_word' id='word_1_261' title='bbox 752 2672 779 2720; x_wconf 90' lang='lat' dir='ltr'><strong>in</strong></span> <span class='ocrx_word' id='word_1_262' title='bbox 794 2677 823 2720; x_wconf 90' lang='lat' dir='ltr'><strong>at</strong></span> <span class='ocrx_word' id='word_1_263' title='bbox 839 2673 884 2721; x_wconf 89' lang='lat' dir='ltr'><strong>the</strong></span> <span class='ocrx_word' id='word_1_264' title='bbox 900 2673 1036 2735; x_wconf 79' lang='lat' dir='ltr'><strong>beginning</strong></span> <span class='ocrx_word' id='word_1_265' title='bbox 1055 2671 1142 2721; x_wconf 86' lang='lat' dir='ltr'><strong>citha</strong></span> <span class='ocrx_word' id='word_1_266' title='bbox 1161 2671 1276 2732; x_wconf 87' lang='lat' dir='ltr'><strong>Volnma,</strong></span> <span class='ocrx_word' id='word_1_267' title='bbox 1295 2671 1346 2719; x_wconf 90' lang='lat' dir='ltr'><strong>and</strong></span> 
     </span>
     <span class='ocr_line' id='line_1_32' title="bbox 285 2735 1347 2799; baseline -0.001 -14"><span class='ocrx_word' id='word_1_268' title='bbox 285 2737 407 2785; x_wconf 87' lang='lat' dir='ltr'><strong>cndorsod</strong></span> <span class='ocrx_word' id='word_1_269' title='bbox 421 2754 426 2785; x_wconf 78' lang='lat' dir='ltr'><strong><em>z</em></strong></span> <span class='ocrx_word' id='word_1_270' title='bbox 443 2737 457 2760; x_wconf 89' lang='lat'><strong>“</strong></span> <span class='ocrx_word' id='word_1_271' title='bbox 468 2736 600 2786; x_wconf 80' lang='lat' dir='ltr'><strong>Ordicces&#39;c</strong></span> <span class='ocrx_word' id='word_1_272' title='bbox 614 2737 788 2786; x_wconf 79' lang='lat' dir='ltr'><strong>Canonicorum</strong></span> <span class='ocrx_word' id='word_1_273' title='bbox 798 2737 829 2786; x_wconf 83' lang='lat' dir='ltr'><strong>de</strong></span> <span class='ocrx_word' id='word_1_274' title='bbox 840 2736 965 2799; x_wconf 68' lang='lat' dir='ltr'><strong>cmmy’·</strong></span> <span class='ocrx_word' id='word_1_275' title='bbox 977 2752 983 2792; x_wconf 94' lang='lat'>;</span> <span class='ocrx_word' id='word_1_276' title='bbox 1002 2737 1061 2798; x_wconf 84' lang='lat' dir='ltr'><strong>also,</strong></span> <span class='ocrx_word' id='word_1_277' title='bbox 1073 2737 1089 2761; x_wconf 89' lang='lat'><strong>“</strong></span> <span class='ocrx_word' id='word_1_278' title='bbox 1099 2736 1133 2784; x_wconf 81' lang='lat' dir='ltr'><strong>To</strong></span> <span class='ocrx_word' id='word_1_279' title='bbox 1144 2735 1170 2785; x_wconf 82' lang='lat' dir='ltr'><strong>be</strong></span> <span class='ocrx_word' id='word_1_280' title='bbox 1176 2742 1225 2799; x_wconf 78' lang='lat' dir='ltr'><strong>pat</strong></span> <span class='ocrx_word' id='word_1_281' title='bbox 1239 2735 1292 2784; x_wconf 77' lang='lat' dir='ltr'><strong>into</strong></span> <span class='ocrx_word' id='word_1_282' title='bbox 1308 2735 1347 2784; x_wconf 70' lang='lat' dir='ltr'><strong>lde</strong></span> 
     </span>
     <span class='ocr_line' id='line_1_33' title="bbox 286 2799 1350 2865; baseline 0 -16"><span class='ocrx_word' id='word_1_283' title='bbox 286 2802 364 2850; x_wconf 79' lang='lat' dir='ltr'><strong>Booke</strong></span> <span class='ocrx_word' id='word_1_284' title='bbox 381 2800 412 2863; x_wconf 76' lang='lat' dir='ltr'><strong>of</strong></span> <span class='ocrx_word' id='word_1_285' title='bbox 423 2801 567 2861; x_wconf 79' lang='lat' dir='ltr'><strong>Donationa,</strong></span> <span class='ocrx_word' id='word_1_286' title='bbox 583 2801 636 2849; x_wconf 84' lang='lat' dir='ltr'><strong>ond</strong></span> <span class='ocrx_word' id='word_1_287' title='bbox 652 2807 708 2849; x_wconf 77' lang='lat' dir='ltr'><strong>ocal</strong></span> <span class='ocrx_word' id='word_1_288' title='bbox 724 2808 747 2850; x_wconf 83' lang='lat' dir='ltr'><strong>to</strong></span> <span class='ocrx_word' id='word_1_289' title='bbox 762 2800 801 2851; x_wconf 76' lang='lat' dir='ltr'><strong>tle</strong></span> <span class='ocrx_word' id='word_1_290' title='bbox 820 2801 944 2851; x_wconf 71' lang='lat' dir='ltr'><strong>Donousa</strong></span> <span class='ocrx_word' id='word_1_291' title='bbox 960 2802 992 2861; x_wconf 86' lang='lat' dir='ltr'><strong>of</strong></span> <span class='ocrx_word' id='word_1_292' title='bbox 1006 2802 1045 2850; x_wconf 72' lang='lat' dir='ltr'><strong>tiss</strong></span> <span class='ocrx_word' id='word_1_293' title='bbox 1059 2801 1160 2865; x_wconf 61' lang='lat' dir='ltr'><strong>litatem</strong></span> <span class='ocrx_word' id='word_1_294' title='bbox 1174 2801 1204 2859; x_wconf 73' lang='lat' dir='ltr'><strong>of</strong></span> <span class='ocrx_word' id='word_1_295' title='bbox 1221 2799 1350 2849; x_wconf 76' lang='lat' dir='ltr'><strong>Buctlaad</strong></span> 
     </span>
     <span class='ocr_line' id='line_1_34' title="bbox 286 2864 1348 2929; baseline 0 -14"><span class='ocrx_word' id='word_1_296' title='bbox 286 2866 391 2928; x_wconf 54' lang='lat' dir='ltr'><strong>Facias</strong></span> <span class='ocrx_word' id='word_1_297' title='bbox 402 2866 525 2929; x_wconf 76' lang='lat' dir='ltr'><strong>byllenry</strong></span> <span class='ocrx_word' id='word_1_298' title='bbox 537 2866 599 2927; x_wconf 85' lang='lat' dir='ltr'><strong>Ball,</strong></span> <span class='ocrx_word' id='word_1_299' title='bbox 611 2873 634 2915; x_wconf 86' lang='lat' dir='ltr'><strong>to</strong></span> <span class='ocrx_word' id='word_1_300' title='bbox 652 2866 747 2926; x_wconf 80' lang='lat' dir='ltr'><strong>Walter,</strong></span> <span class='ocrx_word' id='word_1_301' title='bbox 759 2866 805 2929; x_wconf 84' lang='lat' dir='ltr'><strong>Bp.</strong></span> <span class='ocrx_word' id='word_1_302' title='bbox 819 2866 933 2929; x_wconf 71' lang='lat' dir='ltr'><strong>oflixon.</strong></span> <span class='ocrx_word' id='word_1_303' title='bbox 960 2866 1016 2916; x_wconf 72' lang='lat' dir='ltr'><strong>Setis</strong></span> <span class='ocrx_word' id='word_1_304' title='bbox 1026 2866 1122 2916; x_wconf 70' lang='lat' dir='ltr'><strong>Sarra</strong></span> <span class='ocrx_word' id='word_1_305' title='bbox 1149 2865 1211 2917; x_wconf 79' lang='lat' dir='ltr'><strong>Nos.</strong></span> <span class='ocrx_word' id='word_1_306' title='bbox 1225 2867 1265 2927; x_wconf 89' lang='lat'><strong>11,</strong></span> <span class='ocrx_word' id='word_1_307' title='bbox 1277 2864 1348 2916; x_wconf 70' lang='lat'><strong>1667.</strong></span> 
     </span>
    </p>
   </div>
   <div class='ocr_carea' id='block_1_3' title="bbox 192 2960 1351 3135">
    <p class='ocr_par' dir='ltr' id='par_1_3' title="bbox 192 2960 1351 3135">
     <span class='ocr_line' id='line_1_35' title="bbox 192 2960 1351 3049; baseline 0 -22"><span class='ocrx_word' id='word_1_308' title='bbox 192 2963 508 3049; x_wconf 78' lang='lat' dir='ltr'><strong>—Appropricta&#39;on</strong></span> <span class='ocrx_word' id='word_1_309' title='bbox 534 2962 573 3045; x_wconf 90' lang='lat' dir='ltr'><strong>of</strong></span> <span class='ocrx_word' id='word_1_310' title='bbox 590 2964 640 3029; x_wconf 77' lang='lat' dir='ltr'><strong>ide</strong></span> <span class='ocrx_word' id='word_1_311' title='bbox 663 2962 826 3029; x_wconf 68' lang='lat' dir='ltr'><strong>oleraceo</strong></span> <span class='ocrx_word' id='word_1_312' title='bbox 843 2963 883 3047; x_wconf 81' lang='lat' dir='ltr'><strong>os</strong></span> <span class='ocrx_word' id='word_1_313' title='bbox 904 2964 951 3029; x_wconf 76' lang='lat' dir='ltr'><strong>St.</strong></span> <span class='ocrx_word' id='word_1_314' title='bbox 966 2964 1126 3047; x_wconf 65' lang='lat' dir='ltr'><strong>Sitbney}</strong></span> <span class='ocrx_word' id='word_1_315' title='bbox 1148 2962 1196 3028; x_wconf 74' lang='lat' dir='ltr'><strong>St.</strong></span> <span class='ocrx_word' id='word_1_316' title='bbox 1217 2960 1351 3028; x_wconf 76' lang='lat' dir='ltr'><strong>Secura</strong></span> 
     </span>
     <span class='ocr_line' id='line_1_36' title="bbox 277 3049 1351 3135; baseline 0.001 -22"><span class='ocrx_word' id='word_1_317' title='bbox 277 3050 447 3134; x_wconf 59' lang='lat' dir='ltr'><strong>[leonori</strong></span> <span class='ocrx_word' id='word_1_318' title='bbox 458 3049 505 3115; x_wconf 73' lang='lat' dir='ltr'><strong>St.</strong></span> <span class='ocrx_word' id='word_1_319' title='bbox 524 3050 648 3125; x_wconf 73' lang='lat' dir='ltr'><strong>dorca,</strong></span> <span class='ocrx_word' id='word_1_320' title='bbox 661 3049 708 3115; x_wconf 79' lang='lat' dir='ltr'><strong>st.</strong></span> <span class='ocrx_word' id='word_1_321' title='bbox 725 3051 864 3126; x_wconf 73' lang='lat' dir='ltr'><strong>Enodcr,</strong></span> <span class='ocrx_word' id='word_1_322' title='bbox 879 3050 954 3116; x_wconf 82' lang='lat' dir='ltr'><strong>and</strong></span> <span class='ocrx_word' id='word_1_323' title='bbox 967 3049 1121 3135; x_wconf 78' lang='lat' dir='ltr'><strong>Locdepe</strong></span> <span class='ocrx_word' id='word_1_324' title='bbox 1136 3050 1196 3135; x_wconf 81' lang='lat' dir='ltr'><strong>[St.</strong></span> <span class='ocrx_word' id='word_1_325' title='bbox 1209 3049 1351 3133; x_wconf 72' lang='lat' dir='ltr'><strong>Km],-</strong></span> 
     </span>
    </p>
   </div>
   <div class='ocr_carea' id='block_1_4' title="bbox 255 3152 1357 4189">
    <p class='ocr_par' dir='ltr' id='par_1_4' title="bbox 255 3152 1357 4189">
     <span class='ocr_line' id='line_1_37' title="bbox 255 3152 1349 3230; baseline 0.002 -29"><span class='ocrx_word' id='word_1_326' title='bbox 255 3154 360 3202; x_wconf 79' lang='lat' dir='ltr'><strong>-Anno</strong></span> <span class='ocrx_word' id='word_1_327' title='bbox 387 3154 482 3212; x_wconf 88' lang='lat' dir='ltr'><strong>eodem,</strong></span> <span class='ocrx_word' id='word_1_328' title='bbox 510 3154 551 3202; x_wconf 93' lang='lat' dir='ltr'><strong>die</strong></span> <span class='ocrx_word' id='word_1_329' title='bbox 580 3154 666 3203; x_wconf 83' lang='lat' dir='ltr'><strong>Sancti</strong></span> <span class='ocrx_word' id='word_1_330' title='bbox 693 3154 777 3230; x_wconf 75' lang='lat' dir='ltr'><strong>Egidii</strong></span> <span class='ocrx_word' id='word_1_331' title='bbox 804 3154 829 3215; x_wconf 91' lang='lat'><strong>[1</strong></span> <span class='ocrx_word' id='word_1_332' title='bbox 858 3155 936 3218; x_wconf 82' lang='lat' dir='ltr'><strong>Sept,</strong></span> <span class='ocrx_word' id='word_1_333' title='bbox 965 3152 1048 3217; x_wconf 60' lang='lat'><strong>1270}</strong></span> <span class='ocrx_word' id='word_1_334' title='bbox 1077 3152 1195 3203; x_wconf 81' lang='lat' dir='ltr'><strong>Canonici</strong></span> <span class='ocrx_word' id='word_1_335' title='bbox 1226 3153 1349 3219; x_wconf 76' lang='lat' dir='ltr'><strong>Glasueye</strong></span> 
     </span>
     <span class='ocr_line' id='line_1_38' title="bbox 287 3218 1349 3282; baseline 0.002 -15"><span class='ocrx_word' id='word_1_336' title='bbox 287 3218 454 3267; x_wconf 85' lang='lat' dir='ltr'><strong>obtinuerunt</strong></span> <span class='ocrx_word' id='word_1_337' title='bbox 486 3218 597 3267; x_wconf 79' lang='lat' dir='ltr'><strong>Literam</strong></span> <span class='ocrx_word' id='word_1_338' title='bbox 625 3218 729 3267; x_wconf 79' lang='lat' dir='ltr'><strong>Domini</strong></span> <span class='ocrx_word' id='word_1_339' title='bbox 747 3219 872 3282; x_wconf 86' lang='lat' dir='ltr'><strong>Episcopi,</strong></span> <span class='ocrx_word' id='word_1_340' title='bbox 894 3220 964 3281; x_wconf 87' lang='lat' dir='ltr'><strong>apud</strong></span> <span class='ocrx_word' id='word_1_341' title='bbox 991 3218 1062 3278; x_wconf 82' lang='lat' dir='ltr'><strong>Clist,</strong></span> <span class='ocrx_word' id='word_1_342' title='bbox 1084 3224 1112 3268; x_wconf 88' lang='lat' dir='ltr'><strong>et</strong></span> <span class='ocrx_word' id='word_1_343' title='bbox 1133 3219 1349 3269; x_wconf 75' lang='lat' dir='ltr'><strong>confirmacionem</strong></span> 
     </span>
     <span class='ocr_line' id='line_1_39' title="bbox 288 3282 1349 3346; baseline 0.003 -15"><span class='ocrx_word' id='word_1_344' title='bbox 288 3284 381 3331; x_wconf 81' lang='lat' dir='ltr'><strong>Decani</strong></span> <span class='ocrx_word' id='word_1_345' title='bbox 403 3289 430 3332; x_wconf 89' lang='lat' dir='ltr'><strong>et</strong></span> <span class='ocrx_word' id='word_1_346' title='bbox 447 3284 557 3346; x_wconf 82' lang='lat' dir='ltr'><strong>Capituli</strong></span> <span class='ocrx_word' id='word_1_347' title='bbox 575 3283 730 3341; x_wconf 84' lang='lat' dir='ltr'><strong>Exoniensis,</strong></span> <span class='ocrx_word' id='word_1_348' title='bbox 748 3284 780 3332; x_wconf 93' lang='lat' dir='ltr'><strong>de</strong></span> <span class='ocrx_word' id='word_1_349' title='bbox 798 3284 914 3332; x_wconf 82' lang='lat' dir='ltr'><strong>Eccleeiis</strong></span> <span class='ocrx_word' id='word_1_350' title='bbox 931 3283 978 3331; x_wconf 92' lang='lat' dir='ltr'><strong>sibi</strong></span> <span class='ocrx_word' id='word_1_351' title='bbox 994 3284 1106 3344; x_wconf 83' lang='lat' dir='ltr'><strong>annexis,</strong></span> <span class='ocrx_word' id='word_1_352' title='bbox 1123 3282 1171 3332; x_wconf 89' lang='lat' dir='ltr'><strong>sub</strong></span> <span class='ocrx_word' id='word_1_353' title='bbox 1187 3284 1235 3333; x_wconf 85' lang='lat' dir='ltr'><strong>hac</strong></span> <span class='ocrx_word' id='word_1_354' title='bbox 1250 3285 1349 3334; x_wconf 85' lang='lat' dir='ltr'><strong>forma:</strong></span> 
     </span>
     <span class='ocr_line' id='line_1_40' title="bbox 287 3346 1351 3411; baseline 0 -14"><span class='ocrx_word' id='word_1_355' title='bbox 287 3348 415 3398; x_wconf 81' lang='lat' dir='ltr'><strong>Universis</strong></span> <span class='ocrx_word' id='word_1_356' title='bbox 426 3346 622 3408; x_wconf 53' lang='lat' dir='ltr'><strong>stef-Noverit</strong></span> <span class='ocrx_word' id='word_1_357' title='bbox 640 3348 793 3397; x_wconf 77' lang='lat' dir='ltr'><strong>Universites</strong></span> <span class='ocrx_word' id='word_1_358' title='bbox 805 3353 888 3397; x_wconf 85' lang='lat' dir='ltr'><strong>vestra</strong></span> <span class='ocrx_word' id='word_1_359' title='bbox 904 3349 972 3411; x_wconf 93' lang='lat' dir='ltr'><strong>quod</strong></span> <span class='ocrx_word' id='word_1_360' title='bbox 988 3364 1041 3408; x_wconf 91' lang='lat' dir='ltr'><strong>nos,</strong></span> <span class='ocrx_word' id='word_1_361' title='bbox 1053 3349 1214 3398; x_wconf 82' lang='lat' dir='ltr'><strong>consideratis</strong></span> <span class='ocrx_word' id='word_1_362' title='bbox 1224 3349 1351 3400; x_wconf 84' lang='lat' dir='ltr'><strong>tenuitate</strong></span> 
     </span>
     <span class='ocr_line' id='line_1_41' title="bbox 286 3413 1351 3478; baseline 0.001 -17"><span class='ocrx_word' id='word_1_363' title='bbox 286 3418 455 3476; x_wconf 81' lang='lat' dir='ltr'><strong>proventuum</strong></span> <span class='ocrx_word' id='word_1_364' title='bbox 478 3413 587 3461; x_wconf 82' lang='lat' dir='ltr'><strong>Ecclesia</strong></span> <span class='ocrx_word' id='word_1_365' title='bbox 605 3413 677 3461; x_wconf 84' lang='lat' dir='ltr'><strong>Beati</strong></span> <span class='ocrx_word' id='word_1_366' title='bbox 696 3414 792 3462; x_wconf 84' lang='lat' dir='ltr'><strong>Thome</strong></span> <span class='ocrx_word' id='word_1_367' title='bbox 814 3414 924 3461; x_wconf 81' lang='lat' dir='ltr'><strong>Martiris</strong></span> <span class='ocrx_word' id='word_1_368' title='bbox 946 3413 978 3461; x_wconf 92' lang='lat' dir='ltr'><strong>de</strong></span> <span class='ocrx_word' id='word_1_369' title='bbox 997 3414 1124 3474; x_wconf 81' lang='lat' dir='ltr'><strong>Glasueya</strong></span> <span class='ocrx_word' id='word_1_370' title='bbox 1142 3419 1170 3463; x_wconf 91' lang='lat' dir='ltr'><strong>et</strong></span> <span class='ocrx_word' id='word_1_371' title='bbox 1188 3429 1263 3463; x_wconf 90' lang='lat' dir='ltr'><strong>onere</strong></span> <span class='ocrx_word' id='word_1_372' title='bbox 1282 3413 1351 3478; x_wconf 91' lang='lat' dir='ltr'><strong>qnod</strong></span> 
     </span>
     <span class='ocr_line' id='line_1_42' title="bbox 286 3478 1352 3541; baseline 0.004 -16"><span class='ocrx_word' id='word_1_373' title='bbox 286 3478 369 3527; x_wconf 88' lang='lat' dir='ltr'><strong>eidem</strong></span> <span class='ocrx_word' id='word_1_374' title='bbox 386 3480 418 3525; x_wconf 88' lang='lat' dir='ltr'><strong>ad</strong></span> <span class='ocrx_word' id='word_1_375' title='bbox 438 3478 649 3527; x_wconf 81' lang='lat' dir='ltr'><strong>sustentacicncin</strong></span> <span class='ocrx_word' id='word_1_376' title='bbox 666 3478 819 3527; x_wconf 71' lang='lat' dir='ltr'><strong>clericorum</strong></span> <span class='ocrx_word' id='word_1_377' title='bbox 836 3478 931 3527; x_wconf 88' lang='lat' dir='ltr'><strong>ibidem</strong></span> <span class='ocrx_word' id='word_1_378' title='bbox 947 3484 1068 3541; x_wconf 87' lang='lat' dir='ltr'><strong>perpetuo</strong></span> <span class='ocrx_word' id='word_1_379' title='bbox 1079 3478 1133 3527; x_wconf 93' lang='lat' dir='ltr'><strong>Deo</strong></span> <span class='ocrx_word' id='word_1_380' title='bbox 1150 3478 1352 3529; x_wconf 72' lang='lat' dir='ltr'><strong>ministrantium</strong></span> 
     </span>
     <span class='ocr_line' id='line_1_43' title="bbox 286 3542 1352 3602; baseline 0.005 -13"><span class='ocrx_word' id='word_1_381' title='bbox 286 3543 417 3602; x_wconf 89' lang='lat' dir='ltr'><strong>incumbit,</strong></span> <span class='ocrx_word' id='word_1_382' title='bbox 429 3542 589 3591; x_wconf 88' lang='lat' dir='ltr'><strong>concedimus</strong></span> <span class='ocrx_word' id='word_1_383' title='bbox 605 3548 632 3591; x_wconf 90' lang='lat' dir='ltr'><strong>et</strong></span> <span class='ocrx_word' id='word_1_384' title='bbox 652 3543 803 3591; x_wconf 82' lang='lat' dir='ltr'><strong>conferimus</strong></span> <span class='ocrx_word' id='word_1_385' title='bbox 820 3543 852 3590; x_wconf 83' lang='lat' dir='ltr'><strong>sd</strong></span> <span class='ocrx_word' id='word_1_386' title='bbox 869 3542 1005 3591; x_wconf 85' lang='lat' dir='ltr'><strong>cotidianas</strong></span> <span class='ocrx_word' id='word_1_387' title='bbox 1017 3543 1208 3593; x_wconf 87' lang='lat' dir='ltr'><strong>distribuciones</strong></span> <span class='ocrx_word' id='word_1_388' title='bbox 1225 3544 1352 3593; x_wconf 82' lang='lat' dir='ltr'><strong>dictomm</strong></span> 
     </span>
     <span class='ocr_line' id='line_1_44' title="bbox 288 3607 1353 3669; baseline 0.001 -12"><span class='ocrx_word' id='word_1_389' title='bbox 288 3608 440 3657; x_wconf 73' lang='lat' dir='ltr'><strong>clericorum</strong></span> <span class='ocrx_word' id='word_1_390' title='bbox 453 3607 575 3656; x_wconf 75' lang='lat' dir='ltr'><strong>Ecclesiae</strong></span> <span class='ocrx_word' id='word_1_391' title='bbox 594 3609 626 3657; x_wconf 89' lang='lat' dir='ltr'><strong>de</strong></span> <span class='ocrx_word' id='word_1_392' title='bbox 643 3608 734 3656; x_wconf 83' lang='lat' dir='ltr'><strong>Sancto</strong></span> <span class='ocrx_word' id='word_1_393' title='bbox 749 3608 853 3669; x_wconf 87' lang='lat' dir='ltr'><strong>Sydnio,</strong></span> <span class='ocrx_word' id='word_1_394' title='bbox 864 3612 892 3655; x_wconf 89' lang='lat' dir='ltr'><strong>et</strong></span> <span class='ocrx_word' id='word_1_395' title='bbox 907 3608 938 3655; x_wconf 92' lang='lat' dir='ltr'><strong>de</strong></span> <span class='ocrx_word' id='word_1_396' title='bbox 952 3609 1045 3657; x_wconf 82' lang='lat' dir='ltr'><strong>Sancta</strong></span> <span class='ocrx_word' id='word_1_397' title='bbox 1058 3608 1158 3669; x_wconf 79' lang='lat' dir='ltr'><strong>Souara,</strong></span> <span class='ocrx_word' id='word_1_398' title='bbox 1169 3614 1198 3657; x_wconf 92' lang='lat' dir='ltr'><strong>et</strong></span> <span class='ocrx_word' id='word_1_399' title='bbox 1210 3610 1242 3658; x_wconf 93' lang='lat' dir='ltr'><strong>de</strong></span> <span class='ocrx_word' id='word_1_400' title='bbox 1260 3610 1353 3658; x_wconf 81' lang='lat' dir='ltr'><strong>Sancte</strong></span> 
     </span>
     <span class='ocr_line' id='line_1_45' title="bbox 287 3672 1353 3735; baseline 0.002 -14"><span class='ocrx_word' id='word_1_401' title='bbox 287 3673 393 3731; x_wconf 77' lang='lat' dir='ltr'><strong>(intono,</strong></span> <span class='ocrx_word' id='word_1_402' title='bbox 406 3677 433 3720; x_wconf 89' lang='lat' dir='ltr'><strong>et</strong></span> <span class='ocrx_word' id='word_1_403' title='bbox 443 3674 475 3720; x_wconf 93' lang='lat' dir='ltr'><strong>de</strong></span> <span class='ocrx_word' id='word_1_404' title='bbox 487 3674 578 3721; x_wconf 86' lang='lat' dir='ltr'><strong>Sancto</strong></span> <span class='ocrx_word' id='word_1_405' title='bbox 592 3673 714 3733; x_wconf 83' lang='lat' dir='ltr'><strong>Euodoro,</strong></span> <span class='ocrx_word' id='word_1_406' title='bbox 726 3676 753 3720; x_wconf 91' lang='lat' dir='ltr'><strong>et</strong></span> <span class='ocrx_word' id='word_1_407' title='bbox 765 3674 796 3720; x_wconf 88' lang='lat' dir='ltr'><strong>de</strong></span> <span class='ocrx_word' id='word_1_408' title='bbox 814 3672 930 3735; x_wconf 84' lang='lat' dir='ltr'><strong>Laudege</strong></span> <span class='ocrx_word' id='word_1_409' title='bbox 942 3688 1001 3721; x_wconf 88' lang='lat' dir='ltr'><strong>cum</strong></span> <span class='ocrx_word' id='word_1_410' title='bbox 1011 3672 1063 3721; x_wconf 89' lang='lat' dir='ltr'><strong>suis</strong></span> <span class='ocrx_word' id='word_1_411' title='bbox 1078 3672 1185 3735; x_wconf 83' lang='lat' dir='ltr'><strong>Capellis</strong></span> <span class='ocrx_word' id='word_1_412' title='bbox 1196 3674 1228 3722; x_wconf 89' lang='lat' dir='ltr'><strong>de</strong></span> <span class='ocrx_word' id='word_1_413' title='bbox 1239 3674 1353 3723; x_wconf 84' lang='lat' dir='ltr'><strong>Kenwen</strong></span> 
     </span>
     <span class='ocr_line' id='line_1_46' title="bbox 286 3734 1354 3802; baseline 0.002 -17"><span class='ocrx_word' id='word_1_414' title='bbox 286 3741 314 3785; x_wconf 88' lang='lat' dir='ltr'><strong>et</strong></span> <span class='ocrx_word' id='word_1_415' title='bbox 331 3738 362 3785; x_wconf 89' lang='lat' dir='ltr'><strong>de</strong></span> <span class='ocrx_word' id='word_1_416' title='bbox 388 3734 574 3800; x_wconf 79' lang='lat' dir='ltr'><strong>Tregeicdone‚¹</strong></span> <span class='ocrx_word' id='word_1_417' title='bbox 592 3742 619 3786; x_wconf 88' lang='lat' dir='ltr'><strong>et</strong></span> <span class='ocrx_word' id='word_1_418' title='bbox 640 3752 699 3785; x_wconf 91' lang='lat' dir='ltr'><strong>cum</strong></span> <span class='ocrx_word' id='word_1_419' title='bbox 725 3737 846 3786; x_wconf 89' lang='lat' dir='ltr'><strong>tredecim</strong></span> <span class='ocrx_word' id='word_1_420' title='bbox 869 3738 932 3785; x_wconf 86' lang='lat' dir='ltr'><strong>acris</strong></span> <span class='ocrx_word' id='word_1_421' title='bbox 954 3737 1099 3800; x_wconf 78' lang='lat' dir='ltr'><strong>Anglicanis</strong></span> <span class='ocrx_word' id='word_1_422' title='bbox 1120 3738 1148 3786; x_wconf 89' lang='lat' dir='ltr'><strong>in</strong></span> <span class='ocrx_word' id='word_1_423' title='bbox 1163 3738 1288 3802; x_wconf 77' lang='lat' dir='ltr'><strong>Glasneya</strong></span> <span class='ocrx_word' id='word_1_424' title='bbox 1309 3754 1354 3801; x_wconf 92' lang='lat' dir='ltr'><strong>per</strong></span> 
     </span>
     <span class='ocr_line' id='line_1_47' title="bbox 288 3801 1355 3865; baseline 0.004 -16"><span class='ocrx_word' id='word_1_425' title='bbox 288 3802 407 3863; x_wconf 78' lang='lat' dir='ltr'><strong>partitam</strong></span> <span class='ocrx_word' id='word_1_426' title='bbox 420 3802 570 3851; x_wconf 77' lang='lat' dir='ltr'><strong>mensuratis</strong></span> <span class='ocrx_word' id='word_1_427' title='bbox 590 3802 622 3849; x_wconf 85' lang='lat' dir='ltr'><strong>ad</strong></span> <span class='ocrx_word' id='word_1_428' title='bbox 639 3802 726 3850; x_wconf 84' lang='lat' dir='ltr'><strong>domos</strong></span> <span class='ocrx_word' id='word_1_429' title='bbox 742 3806 768 3849; x_wconf 91' lang='lat' dir='ltr'><strong>et</strong></span> <span class='ocrx_word' id='word_1_430' title='bbox 784 3801 881 3850; x_wconf 84' lang='lat' dir='ltr'><strong>edificia</strong></span> <span class='ocrx_word' id='word_1_431' title='bbox 899 3802 1035 3851; x_wconf 86' lang='lat' dir='ltr'><strong>eorundem</strong></span> <span class='ocrx_word' id='word_1_432' title='bbox 1050 3802 1213 3864; x_wconf 77' lang='lat' dir='ltr'><strong>clericorum,</strong></span> <span class='ocrx_word' id='word_1_433' title='bbox 1225 3804 1252 3851; x_wconf 94' lang='lat' dir='ltr'><strong>iu</strong></span> <span class='ocrx_word' id='word_1_434' title='bbox 1262 3818 1355 3865; x_wconf 87' lang='lat' dir='ltr'><strong>puram</strong></span> 
     </span>
     <span class='ocr_line' id='line_1_48' title="bbox 287 3867 1352 3931; baseline 0.003 -16"><span class='ocrx_word' id='word_1_435' title='bbox 287 3867 398 3927; x_wconf 83' lang='lat' dir='ltr'><strong>liberam,</strong></span> <span class='ocrx_word' id='word_1_436' title='bbox 417 3872 443 3915; x_wconf 91' lang='lat' dir='ltr'><strong>et</strong></span> <span class='ocrx_word' id='word_1_437' title='bbox 458 3872 605 3929; x_wconf 86' lang='lat' dir='ltr'><strong>perpetuam</strong></span> <span class='ocrx_word' id='word_1_438' title='bbox 623 3867 783 3915; x_wconf 74' lang='lat' dir='ltr'><strong>elemcsinam</strong></span> <span class='ocrx_word' id='word_1_439' title='bbox 809 3867 925 3915; x_wconf 82' lang='lat' dir='ltr'><strong>tenendis</strong></span> <span class='ocrx_word' id='word_1_440' title='bbox 943 3871 970 3915; x_wconf 91' lang='lat' dir='ltr'><strong>et</strong></span> <span class='ocrx_word' id='word_1_441' title='bbox 986 3867 1142 3929; x_wconf 89' lang='lat' dir='ltr'><strong>possidendis</strong></span> <span class='ocrx_word' id='word_1_442' title='bbox 1159 3868 1186 3916; x_wconf 89' lang='lat' dir='ltr'><strong>in</strong></span> <span class='ocrx_word' id='word_1_443' title='bbox 1197 3873 1352 3931; x_wconf 82' lang='lat' dir='ltr'><strong>perpetuum</strong></span> 
     </span>
     <span class='ocr_line' id='line_1_49' title="bbox 288 3931 1354 3995; baseline 0.002 -16"><span class='ocrx_word' id='word_1_444' title='bbox 288 3931 380 3993; x_wconf 89' lang='lat' dir='ltr'><strong>quietis</strong></span> <span class='ocrx_word' id='word_1_445' title='bbox 393 3932 425 3979; x_wconf 88' lang='lat' dir='ltr'><strong>ab</strong></span> <span class='ocrx_word' id='word_1_446' title='bbox 436 3932 506 3979; x_wconf 88' lang='lat' dir='ltr'><strong>omni</strong></span> <span class='ocrx_word' id='word_1_447' title='bbox 516 3931 620 3979; x_wconf 77' lang='lat' dir='ltr'><strong>servicio</strong></span> <span class='ocrx_word' id='word_1_448' title='bbox 630 3931 734 3980; x_wconf 81' lang='lat' dir='ltr'><strong>seculari</strong></span> <span class='ocrx_word' id='word_1_449' title='bbox 747 3948 753 3991; x_wconf 90' lang='lat'><strong>;</strong></span> <span class='ocrx_word' id='word_1_450' title='bbox 771 3932 907 3980; x_wconf 88' lang='lat' dir='ltr'><strong>statuendo</strong></span> <span class='ocrx_word' id='word_1_451' title='bbox 922 3938 949 3980; x_wconf 90' lang='lat' dir='ltr'><strong>et</strong></span> <span class='ocrx_word' id='word_1_452' title='bbox 963 3932 1102 3982; x_wconf 89' lang='lat' dir='ltr'><strong>ordinando</strong></span> <span class='ocrx_word' id='word_1_453' title='bbox 1114 3936 1144 3981; x_wconf 91' lang='lat' dir='ltr'><strong>ut</strong></span> <span class='ocrx_word' id='word_1_454' title='bbox 1154 3932 1181 3981; x_wconf 92' lang='lat' dir='ltr'><strong>in</strong></span> <span class='ocrx_word' id='word_1_455' title='bbox 1192 3932 1306 3995; x_wconf 85' lang='lat' dir='ltr'><strong>qualibet</strong></span> <span class='ocrx_word' id='word_1_456' title='bbox 1316 3948 1354 3992; x_wconf 83' lang='lat' dir='ltr'><strong>ex,</strong></span> 
     </span>
     <span class='ocr_line' id='line_1_50' title="bbox 289 3995 1355 4059; baseline 0.004 -16"><span class='ocrx_word' id='word_1_457' title='bbox 289 3995 364 4044; x_wconf 88' lang='lat' dir='ltr'><strong>dictis</strong></span> <span class='ocrx_word' id='word_1_458' title='bbox 376 3996 492 4044; x_wconf 81' lang='lat' dir='ltr'><strong>Ecclesiis</strong></span> <span class='ocrx_word' id='word_1_459' title='bbox 513 4012 579 4044; x_wconf 77' lang='lat' dir='ltr'><strong>rinus</strong></span> <span class='ocrx_word' id='word_1_460' title='bbox 590 3996 720 4045; x_wconf 89' lang='lat' dir='ltr'><strong>ordinetur</strong></span> <span class='ocrx_word' id='word_1_461' title='bbox 742 3996 857 4045; x_wconf 81' lang='lat' dir='ltr'><strong>Vicarius</strong></span> <span class='ocrx_word' id='word_1_462' title='bbox 876 3996 1023 4059; x_wconf 89' lang='lat' dir='ltr'><strong>Perpetuus,</strong></span> <span class='ocrx_word' id='word_1_463' title='bbox 1032 4012 1077 4056; x_wconf 89' lang='lat' dir='ltr'><strong>par</strong></span> <span class='ocrx_word' id='word_1_464' title='bbox 1094 4012 1140 4045; x_wconf 92' lang='lat' dir='ltr'><strong>nos</strong></span> <span class='ocrx_word' id='word_1_465' title='bbox 1158 4002 1186 4045; x_wconf 94' lang='lat' dir='ltr'><strong>et</strong></span> <span class='ocrx_word' id='word_1_466' title='bbox 1203 4013 1355 4047; x_wconf 76' lang='lat' dir='ltr'><strong>suweseores</strong></span> 
     </span>
     <span class='ocr_line' id='line_1_51' title="bbox 289 4060 1357 4125; baseline 0.003 -16"><span class='ocrx_word' id='word_1_467' title='bbox 289 4065 393 4119; x_wconf 87' lang='lat' dir='ltr'><strong>nostros,</strong></span> <span class='ocrx_word' id='word_1_468' title='bbox 402 4061 537 4123; x_wconf 83' lang='lat' dir='ltr'><strong>Episcopos</strong></span> <span class='ocrx_word' id='word_1_469' title='bbox 546 4060 706 4121; x_wconf 79' lang='lat' dir='ltr'><strong>llxcnienses,</strong></span> <span class='ocrx_word' id='word_1_470' title='bbox 716 4061 895 4122; x_wconf 87' lang='lat' dir='ltr'><strong>instituendus,</strong></span> <span class='ocrx_word' id='word_1_471' title='bbox 907 4077 993 4110; x_wconf 87' lang='lat' dir='ltr'><strong>curam</strong></span> <span class='ocrx_word' id='word_1_472' title='bbox 1003 4061 1082 4123; x_wconf 91' lang='lat' dir='ltr'><strong>plebis</strong></span> <span class='ocrx_word' id='word_1_473' title='bbox 1090 4061 1200 4121; x_wconf 80' lang='lat' dir='ltr'><strong>habens3</strong></span> <span class='ocrx_word' id='word_1_474' title='bbox 1212 4067 1239 4111; x_wconf 88' lang='lat' dir='ltr'><strong>et</strong></span> <span class='ocrx_word' id='word_1_475' title='bbox 1248 4062 1357 4125; x_wconf 82' lang='lat' dir='ltr'><strong>quilibet</strong></span> 
     </span>
     <span class='ocr_line' id='line_1_52' title="bbox 289 4124 1300 4189; baseline 0.002 -16"><span class='ocrx_word' id='word_1_476' title='bbox 289 4125 316 4173; x_wconf 91' lang='lat' dir='ltr'><strong>in</strong></span> <span class='ocrx_word' id='word_1_477' title='bbox 327 4141 374 4173; x_wconf 84' lang='lat' dir='ltr'><strong>sua</strong></span> <span class='ocrx_word' id='word_1_478' title='bbox 383 4126 479 4174; x_wconf 86' lang='lat' dir='ltr'><strong>Vicaria</strong></span> <span class='ocrx_word' id='word_1_479' title='bbox 487 4127 575 4189; x_wconf 79' lang='lat' dir='ltr'><strong>jugem</strong></span> <span class='ocrx_word' id='word_1_480' title='bbox 586 4132 613 4175; x_wconf 89' lang='lat' dir='ltr'><strong>et</strong></span> <span class='ocrx_word' id='word_1_481' title='bbox 624 4126 769 4174; x_wconf 82' lang='lat' dir='ltr'><strong>continuam</strong></span> <span class='ocrx_word' id='word_1_482' title='bbox 778 4128 871 4174; x_wconf 84' lang='lat' dir='ltr'><strong>serviat</strong></span> <span class='ocrx_word' id='word_1_483' title='bbox 881 4126 1045 4175; x_wconf 83' lang='lat' dir='ltr'><strong>reaidenciam</strong></span> <span class='ocrx_word' id='word_1_484' title='bbox 1057 4126 1227 4189; x_wconf 66' lang='lat' dir='ltr'><strong>personalem</strong></span> <span class='ocrx_word' id='word_1_485' title='bbox 1246 4124 1300 4177; x_wconf 64' lang='lat' dir='ltr'><strong>lib.</strong></span> 
     </span>
    </p>
   </div>
   <div class='ocr_carea' id='block_1_5' title="bbox 193 4230 1141 4317">
    <p class='ocr_par' dir='ltr' id='par_1_5' title="bbox 193 4230 1141 4317">
     <span class='ocr_line' id='line_1_53' title="bbox 193 4230 1141 4317; baseline 0.006 -25"><span class='ocrx_word' id='word_1_486' title='bbox 193 4230 510 4317; x_wconf 77' lang='lat' dir='ltr'><strong>-Appropriction</strong></span> <span class='ocrx_word' id='word_1_487' title='bbox 526 4235 562 4313; x_wconf 72' lang='lat' dir='ltr'><strong>ot</strong></span> <span class='ocrx_word' id='word_1_488' title='bbox 586 4233 633 4298; x_wconf 77' lang='lat' dir='ltr'><strong>Sl.</strong></span> <span class='ocrx_word' id='word_1_489' title='bbox 658 4232 783 4299; x_wconf 70' lang='lat' dir='ltr'><strong>Uolcas:</strong></span> <span class='ocrx_word' id='word_1_490' title='bbox 807 4231 868 4297; x_wconf 85' lang='lat' dir='ltr'><strong>See</strong></span> <span class='ocrx_word' id='word_1_491' title='bbox 883 4231 927 4298; x_wconf 75' lang='lat' dir='ltr'><strong>ct.</strong></span> <span class='ocrx_word' id='word_1_492' title='bbox 945 4230 1061 4308; x_wconf 69' lang='lat' dir='ltr'><strong>cotra,</strong></span> <span class='ocrx_word' id='word_1_493' title='bbox 1076 4231 1141 4301; x_wconf 72' lang='lat'>73¹³.</span> 
     </span>
    </p>
   </div>
   <div class='ocr_carea' id='block_1_6' title="bbox 297 4429 1231 4499">
    <p class='ocr_par' dir='ltr' id='par_1_6' title="bbox 297 4429 1231 4499">
     <span class='ocr_line' id='line_1_54' title="bbox 297 4429 1231 4499; baseline 0.007 -19"><span class='ocrx_word' id='word_1_494' title='bbox 297 4429 305 4461; x_wconf 90' lang='lat'><strong>¹</strong></span> <span class='ocrx_word' id='word_1_495' title='bbox 325 4432 372 4481; x_wconf 78' lang='lat' dir='ltr'><strong>See</strong></span> <span class='ocrx_word' id='word_1_496' title='bbox 382 4430 443 4481; x_wconf 83' lang='lat' dir='ltr'><strong>tolio</strong></span> <span class='ocrx_word' id='word_1_497' title='bbox 454 4429 504 4483; x_wconf 70' lang='lat'><strong>36¹³.</strong></span> <span class='ocrx_word' id='word_1_498' title='bbox 939 4430 950 4461; x_wconf 88' lang='lat'><strong>¹</strong></span> <span class='ocrx_word' id='word_1_499' title='bbox 966 4432 1146 4499; x_wconf 64' lang='lat' dir='ltr'><strong>necaverum,</strong></span> <span class='ocrx_word' id='word_1_500' title='bbox 1154 4434 1231 4487; x_wconf 50' lang='lat' dir='ltr'><strong>toda.</strong></span> 
     </span>
    </p>
   </div>
   <div class='ocr_carea' id='block_1_7' title="bbox 0 0 1652 5100">
    <p class='ocr_par' dir='ltr' id='par_1_7' title="bbox 0 0 1652 5100">
     <span class='ocr_line' id='line_1_55' title="bbox 0 0 1652 5100; baseline 0 0"><span class='ocrx_word' id='word_1_501' title='bbox 0 0 1652 5100; x_wconf 95' lang='lat' dir='ltr'><strong> </strong></span> 
     </span>
    </p>
   </div>
  </div>
 </body>
</html>
