3242 5100
349 524 395 606 12
780 540 858 611 cha
883 541 1071 612 samsima

347 710 469 772 asportari
498 716 672 774 procurarunt,
702 717 748 762 aut
769 713 830 762 alias
848 713 1026 762 abstulerunt:
1051 717 1079 762 et
1095 712 1189 762 debent
1210 711 1359 769 certificare3
1379 707 1447 773 quod
1474 711 1501 756 et

344 774 442 824 factum
453 780 492 870 cap
503 792 548 839 per
558 776 766 872 Literss'Dceani
778 778 822 841 qui
830 783 955 873 executus
965 775 1172 869 estpaandntum¹
1185 795 1200 866 ³„
1208 778 1229 826 5.

1363 839 1376 864 s

380 903 455 953 Auno
467 906 542 955 etdie
550 906 644 956 eisdem
656 905 720 971 [xvij
733 907 860 956 Kalendas
871 907 971 971 Aprilis,
984 911 1019 957 te
1033 909 1064 957 16
1072 907 1165 967 March,
1175 906 1284 968 1258-9]‚
1296 906 1440 967 consignata
1448 901 1498 952 init

347 970 456 1030 quedam
481 971 567 1021 Litera
591 987 668 1035 super
689 987 754 1035 aque
771 973 850 1022 ductu
872 974 904 1021 do
920 973 1002 1021 Domo
1025 973 1142 1021 Fratrum
1166 972 1354 1020 Prodicatorum
1370 984 1450 1031 usque
1466 969 1498 1016 ud

347 1032 450 1083 Curiam
461 1035 564 1084 Domini
575 1036 692 1100 Episcopi
702 1037 729 1085 in
740 1038 793 1086 suis
810 1037 969 1096 adventibus,
986 1041 1013 1085 et
1029 1053 1058 1085 eo
1075 1036 1141 1100 apud
1155 1036 1276 1085 Exoniam
1288 1035 1498 1098 quandocumque

348 1105 532 1156 commoranto;
550 1100 587 1149 its
604 1102 672 1164 quod
689 1102 775 1150 nullus
791 1117 961 1150 suceessorum
978 1117 1090 1162 suorum,
1102 1117 1217 1164 processu
1229 1106 1348 1163 tempore,
1365 1099 1391 1148 in
1411 1099 1498 1146 eodem

346 1177 412 1226 aque
422 1164 502 1241 ductu
514 1165 557 1227 jus
567 1165 615 1214 sibi
626 1166 705 1229 possit
716 1167 860 1224 vendicare;
879 1164 917 1216 53)
950 1166 992 1228 [lu
1003 1166 1047 1216 the
1058 1167 1207 1230 margin-‘⁴
1216 1165 1376 1230 aquamanus.
1387 1163 1454 1212 Nota
1464 1181 1473 1218 ‚¹
1483 1163 1498 1180 ’⁸

347 1228 552 1323 ·⁰”¹²‘¹¹2⁶⁰¹¹1·
652 1251 665 1319 2
829 1301 844 1326 .
1006 1295 1021 1320 .
1184 1295 1199 1322 .
1361 1298 1377 1324 .

379 1357 453 1408 Anno
464 1360 559 1421 eodem,
570 1360 612 1409 die
628 1360 745 1410 Mercurii
761 1361 873 1424 proxima
890 1366 950 1410 aute
966 1361 1071 1410 Festum
1088 1361 1175 1410 Sancti
1193 1360 1323 1410 Benedicti
1342 1359 1384 1420 [19
1404 1357 1498 1416 March,

347 1423 456 1485 125&9]‚
467 1424 516 1473 hcc
526 1429 566 1474 eat
575 1424 629 1488 xiiij
642 1425 768 1475 Kalendas
779 1426 880 1488 Aprilis,
892 1426 918 1474 in
931 1426 1047 1489 capitulo
1058 1427 1090 1476 de
1101 1426 1235 1476 Buffestria
1245 1425 1377 1487 [Buckiast
1388 1419 1497 1486 Abbay],

346 1503 430 1537 coram
444 1489 554 1538 Domino
566 1490 688 1554 Episcopo
707 1491 849 1554 comparuit
860 1490 984 1540 Dominus
1003 1489 1131 1540 Waltcrus
1150 1491 1182 1540 de
1198 1489 1355 1550 lodeaualla‚
1367 1487 1496 1553 presbiter,

347 1551 514 1602 Cancellariua
530 1558 558 1603 et
568 1555 725 1604 Camerarius
741 1555 806 1604 bone
823 1555 941 1604 memorie
958 1555 1058 1604 Ricardi
1074 1556 1221 1605 Exoniensia
1240 1554 1362 1619 Episcopi,
1373 1551 1497 1608 defuncti,

345 1621 458 1681 tempore
469 1619 558 1668 mortis
569 1634 621 1678 aue,
632 1624 659 1668 et
670 1620 790 1682 Magister
798 1620 919 1669 Ricardus
930 1621 962 1669 de
972 1621 1098 1682 Tottonis,
1107 1620 1210 1670 clericus
1218 1619 1363 1669 etnotarius
1375 1618 1496 1681 ejusdem,

345 1682 486 1744 penitencia
501 1684 573 1733 ducti
588 1684 621 1733 ad
640 1700 683 1733 cor
694 1685 836 1746 redeuntes
850 1689 939 1748 sponte
957 1684 1043 1749 jurati,
1063 1686 1089 1734 in
1109 1686 1235 1749 presencia
1253 1684 1354 1733 Domini
1373 1681 1496 1746 Episcopi,

346 1747 458 1811 Dompni
485 1748 592 1797 Abbatis
619 1749 759 1810 Bufleatris,
781 1749 901 1798 Willelmi
923 1751 955 1798 da
982 1750 1141 1810 Ponteatohe,
1170 1750 1291 1810 monachi,
1320 1748 1497 1812 Magistrorum

332 1811 468 1861 lobannis
485 1813 589 1874 Nobilio,
601 1814 770 1863 Bartholomai
785 1814 818 1863 dc
836 1813 960 1876 lardario,
977 1820 1004 1863 et
1020 1815 1125 1864 aliorum
1142 1815 1327 1864 confitebantur
1345 1813 1414 1876 quod
1431 1827 1497 1860 auno

345 1876 448 1926 Domini
460 1876 498 1926 Μο
509 1877 564 1927 00⁰
580 1877 612 1927 L⁰
627 1879 742 1940 septimo,
758 1879 848 1937 vocati,
873 1879 1032 1928 intraverunt
1048 1895 1170 1928 camaram
1194 1878 1310 1942 Episcopi
1326 1879 1358 1926 dc
1375 1883 1454 1938 nocta,
1472 1880 1499 1925 et

344 1940 497 1991 invenerunt
507 1943 629 2005 quosdam
640 1944 673 1992 de
688 1943 783 1992 familia
798 1949 966 2006 congregatos,
984 1944 1084 1993 clericos
1100 1949 1127 1992 st
1143 1945 1224 2006 laicos,
1244 1943 1289 2007 qui
1308 1943 1343 1992 eis
1363 1942 1495 1990 denuncia-

346 2011 439 2055 verunt
460 2006 613 2071 Episcopum
635 2024 688 2056 ease
707 2008 734 2056 in
752 2009 829 2057 debili
850 2014 927 2066 statu,
950 2013 976 2057 et
990 2009 1057 2071 quod
1074 2014 1212 2058 tractarent
1232 2010 1265 2058 de
1287 2008 1358 2056 bonis
1381 2005 1496 2070 Episcopi

344 2071 513 2133 disponendis,
525 2073 654 2122 &noticiis
665 2073 829 2134 conferendis,
841 2079 874 2133 et,
886 2089 961 2136 super
971 2073 1027 2133 hiis,
1043 2074 1133 2123 Literis
1144 2073 1302 2122 conficiendis
1313 2077 1340 2121 et
1351 2073 1495 2130 coanguan-

345 2136 402 2195 dis;
418 2142 452 2195 et,
463 2137 524 2185 dats
533 2136 584 2185 fide
594 2153 610 2184 a
620 2137 725 2200 singulis
735 2139 767 2186 dc
777 2137 822 2186 illo
832 2138 899 2186 facto
916 2153 1046 2200 nunquam
1063 2139 1201 2198 revelando,
1213 2142 1392 2187 consensenmt
1403 2152 1496 2196 omnes,

345 2200 469 2250 Beneficia
484 2201 649 2264 mignarunt,
668 2202 764 2251 Literna
782 2203 937 2265 scripserunt
953 2209 980 2252 et
995 2203 1179 2266 consignarunt
1214 2203 1304 2266 Rogati
1321 2203 1342 2250 si
1360 2201 1496 2264 Episcopus

344 2270 407 2315 tunc
423 2271 539 2315 mortuus
555 2271 621 2315 esset
636 2267 677 2315 vel
693 2267 765 2316 vivus
781 2268 808 2316 in
826 2268 896 2328 lecto,
914 2269 1004 2316 dicunt
1025 2269 1093 2331 quod
1116 2269 1264 2326 nescierunt,
1287 2273 1326 2316 aet
1343 2273 1428 2330 postea
1451 2281 1496 2314 nec

345 2330 432 2379 vivum
452 2346 498 2379 nec
513 2331 659 2394 loquentem
674 2332 793 2380 viderunt
813 2347 877 2381 eum.
908 2333 998 2395 Rogati
1009 2333 1053 2396 qui
1068 2331 1495 2395 fueruntpreaentea,dicuntquod

344 2394 459 2458 Magistri
469 2396 597 2444 lohannes
613 2395 681 2445 filius
697 2397 808 2457 Roberti,
825 2401 889 2446 tunc
904 2397 1028 2456 Officialis,
1041 2397 1173 2446 Gcrvasiue
1185 2399 1217 2446 dc
1235 2397 1370 2456 Criditona,
1387 2397 1495 2444 Thomas

343 2461 376 2509 de
385 2460 518 2521 Mollonde,
530 2467 556 2509 et
567 2461 615 2524 ipsi
625 2461 676 2510 duo
687 2462 800 2524 predicti,
813 2461 937 2510 Henricua
948 2462 1103 2526 capellanus,
1121 2462 1244 2510 Hem-icus
1260 2463 1292 2510 de
1304 2461 1496 2520 Oristineatowe,

343 2525 452 2575 Thomas
472 2526 625 2587 Panetarius,
637 2526 789 2589 lieginaldua
808 2527 875 2577 filius
898 2527 1004 2591 predicti
1023 2527 1126 2588 Thome,
1150 2527 1290 2576 willelmus
1312 2527 1344 2575 ds
1367 2525 1493 2585 Fuleiord,

344 2590 444 2654 annoc
455 2591 616 2641 &mannua
660 2592 756 2641 Dicunt
766 2592 844 2641 eciam
856 2593 924 2655 quod
936 2593 1049 2655 Magistri
1064 2594 1081 2641 J
1082 2593 1191 2641 ohannes
1208 2598 1235 2641 et
1253 2592 1386 2641 Gervasiua
1398 2591 1495 2640 Literna

345 2656 513 2717 dictaverunt,
535 2656 643 2705 Thomas
665 2657 698 2705 de
714 2657 841 2705 Mollonda
863 2663 891 2706 et
909 2658 1028 2720 Magister
1050 2656 1170 2707 Ricardus
1188 2657 1315 2720 predictus
1336 2656 1495 2719 scripserunt,

345 2718 472 2769 chricus
487 2722 636 2784 Capelianus
652 2722 766 2785 signavit
809 2722 906 2771 Dicunt
916 2722 994 2771 eciam
1005 2724 1074 2785 quod
1085 2723 1166 2771 multe
1178 2722 1260 2771 Litere
1272 2728 1405 2785 postquam
1420 2720 1495 2769 scive-

342 2791 405 2834 runt
416 2786 568 2849 Episcopum
584 2791 713 2835 mortuum
730 2786 976 2849 scriptefueruntct
993 2788 1097 2847 signate.
1134 2788 1187 2835 Hac
1204 2792 1231 2835 et
1250 2787 1298 2835 alis
1320 2785 1449 2835 humiliter
1468 2790 1495 2833 et

343 2851 434 2899 devote
444 2850 592 2899 confitentes
600 2850 749 2900 beneficium
760 2851 925 2900 absolutionis
936 2851 963 2900 in
974 2853 1054 2900 forma
1068 2852 1174 2900 Ecclesia
1181 2852 1352 2915 optinuerunt
1395 2850 1492 2899 Indicta

344 2930 446 2979 quoquo
457 2916 606 2979 purgacione
621 2916 740 2964 canonica
753 2916 823 2965 dicto
838 2917 956 2977 Waltem,
975 2916 1043 2979 quod
1060 2917 1137 2965 nichil
1156 2918 1188 2965 de
1206 2916 1278 2965 bonis
1297 2916 1359 2965 dicti
1378 2914 1495 2978 Episcopi

347 2985 405 3042 post
415 2980 472 3043 ejus
482 2981 581 3029 obitum
592 2981 736 3043 asportavit,
748 2981 874 3041 dbtraxit,
890 2996 934 3030 seu
946 2981 1066 3030 dienavit
1076 2982 1142 3030 sicut
1161 2982 1228 3029 iama
1238 2981 1374 3041 laborabat,
1391 2985 1417 3029 et
1428 2980 1496 3028 dicto

345 3045 451 3094 Ricardo
462 3044 494 3093 ab
502 3046 582 3095 officio
590 3051 617 3095 ct
625 3044 743 3094 malicie
753 3061 832 3109 usque
843 3047 874 3094 ad
886 3051 1010 3109 peractam
1018 3046 1184 3109 penitenciam
1193 3050 1364 3094 remanentem
1375 3060 1495 3107 suspenso

344 3126 405 3158 —eo
424 3110 493 3172 quod
510 3111 616 3159 Ordines
632 3116 718 3185 pcstea
734 3111 845 3173 suscepit
860 3116 887 3159 et
903 3111 996 3160 falsum
1014 3112 1188 3161 testimonium
1200 3110 1333 3174 perhibuit,
1351 3111 1494 3172 famamque

343 3190 416 3223 suam
437 3174 701 3237 denigratus-dictus
723 3175 849 3224 Walterus
866 3176 1029 3238 postmodum
1046 3176 1073 3225 in
1095 3176 1203 3225 crastino
1218 3172 1319 3237 Pascha,
1341 3174 1368 3224 in
1393 3174 1495 3237 Capella

344 3239 448 3288 Domini
467 3240 534 3304 apud
555 3240 685 3298 Exoniam,
702 3239 801 3303 puplica
815 3255 843 3289 ac
858 3240 1029 3303 sollempniter
1045 3256 1072 3289 se
1090 3241 1213 3304 purgavit,
1229 3246 1257 3289 ct
1273 3241 1356 3289 dictus
1374 3239 1494 3289 Ricardus

344 3304 510 3392 penitencipm
521 3320 593 3353 auum
604 3304 717 3393 psrpgit3
733 3309 760 3353 et
771 3305 805 3354 sic
818 3310 924 3400 epterque
935 3303 1083 3393 benedcium
1094 3306 1260 3395 abaolupionis
1271 3300 1459 3393 optinuit—5¹³.

374 3434 401 3497 vj
413 3434 499 3483 Nonus
514 3434 578 3483 Julii
589 3434 615 3494 (2
626 3435 695 3497 July,
709 3434 791 3495 1259),
807 3435 876 3497 apud
887 3434 1032 3499 Hcmlaghe,
1045 3451 1102 3485 cum
1114 3439 1240 3485 constaret
1251 3434 1359 3483 Domino
1372 3434 1493 3497 Episcopo

341 3499 409 3559 quod
416 3499 565 3562 Radulphus
573 3500 605 3547 de
613 3500 782 3548 'lhrbercville
790 3500 921 3561 culpabilia
929 3516 979 3549 non
987 3505 1041 3550 erat
1049 3501 1081 3550 de
1089 3501 1257 3549 fraudulentis
1265 3498 1494 3562 musignacionibus

341 3563 415 3613 iactis
425 3564 527 3613 nomine
537 3564 602 3613 bona
612 3564 731 3613 memorie
742 3564 843 3613 Rieardi
854 3566 875 3613 E
894 3566 970 3629 isccpi
981 3571 1039 3629 post
1047 3566 1145 3615 obitum
1154 3566 1239 3629 ipsius,
1251 3564 1425 3629 pronunciarit
1434 3579 1493 3613 eum

342 3628 484 3717 murenam
494 3634 521 3679 et
531 3629 693 3717 absolutum;
710 3634 737 3678 et
747 3630 779 3677 de
790 3630 840 3718 ¹¹⁰2
847 3582 938 3679 haluit
949 3630 1045 3719 Litcpaa
1056 3631 1195 3725 Patentesp
1208 3633 1230 3679 6.
1357 3696 1372 3726 ι

376 3758 473 3808 Eodem
479 3759 527 3819 die,
534 3759 628 3808 sssidem
637 3758 756 3822 [lesum
766 3760 898 3821 ista-at
905 3759 1033 3821 Bodiont]
1042 3760 1169 3809 confessus
1178 3765 1217 3809 est
1226 3759 1352 3810 Michaelis
1363 3760 1395 3808 de
1403 3760 1493 3823 Leghe,

343 3823 455 3885 cles-icus,
466 3840 493 3873 aa
504 3825 630 3887 scripsisse
640 3825 762 3887 quasdam
770 3825 866 3873 Literus
878 3831 935 3887 post
946 3826 1044 3873 obitum
1057 3826 1172 3888 Episcopi
1183 3826 1290 3885 Ricardi,
1302 3830 1328 3872 et
1339 3840 1424 3873 aarum
1436 3840 1493 3872 con·

342 3888 479 3952 signscioni
489 3890 619 3949 interium
636 3890 712 3949 unde,
723 3889 838 3952 injuncta
850 3890 897 3938 sibi
908 3890 1047 3952 penitencia
1059 3890 1169 3949 salutari,
1182 3891 1306 3939 Dominus
1317 3905 1375 3938 eum
1386 3890 1494 3939 abollvit

340 3953 367 4002 in
378 3953 579 4042 iormaEcclasia
590 3970 597 4015 ς
615 3956 653 4041 θ..
818 4018 832 4043 θ
996 4018 1010 4043 θ
1353 4020 1368 4050 ι

372 4083 448 4133 Anno
466 4084 561 4143 eodem
586 4083 612 4131 in
632 4083 741 4133 crastino
763 4084 951 4147 Assumpcicnia
973 4084 1015 4145 [16
1037 4085 1111 4147 Aug,
1130 4084 1211 4145 12591,
1233 4083 1358 4134 commisit
1370 4083 1493 4133 Dominus

340 4146 481 4245 Episcopup
490 4148 616 4197 willelmo
626 4149 658 4237 dp
667 4148 768 4212 Capella
778 4148 883 4239 totaplem
894 4148 1032 4244 custodia'm
1044 4150 1189 4239 sigillorum
1195 4166 1201 4210 3
1219 4146 1254 4199 6¹³.
1353 4213 1367 4238 ὓ

377 4278 454 4327 Anno
464 4278 560 4339 eodem,
571 4278 598 4341 iij
612 4275 698 4327 Nonas
708 4279 725 4328 J
727 4278 772 4327 ulii
783 4278 809 4339 [5
826 4277 896 4342 July,
915 4278 996 4340 1260],
1011 4278 1134 4328 Dominus
1146 4280 1283 4342 Episcopus
1299 4278 1416 4342 deposuit
1426 4279 1494 4341 apud

341 4402 401 4455 ιΙιι
424 4406 468 4455 tha
487 4406 632 4469 margin-‘
652 4405 901 4465 Eccomnuaieccio,”
925 4412 953 4455 to
971 4407 1051 4457 which
1070 4378 1332 4471 BMbo—p—Graudisaon
1350 4377 1494 4457 ᾔει-ἀῶ

373 4472 440 4535 “pro
449 4468 517 4521 bunis
526 4470 642 4535 Episcopi
651 4471 786 4535 defoset?
