3242 5100
289 489 334 558 88
520 507 662 560 mesor
680 487 989 563 ssouasoonss's
1006 511 1202 563 anscerus.

287 664 393 730 Forde
408 664 755 750 Abbey-continucd.

384 785 453 834 nulla
462 785 497 834 sit
507 785 561 848 ipso
571 785 634 848 jure,
648 791 674 834 at
690 786 754 834 solas
765 787 847 849 pistas
858 792 885 835 et
897 803 945 835 non
958 787 1055 850 iniquas
1072 785 1215 835 sentencias
1227 780 1345 844 consequi
1356 778 1446 828 debeat

385 850 496 899 cohercio
528 850 603 914 Regia
632 851 778 913 Maiestatis.
832 853 913 911 Unde,
942 868 1000 900 cum
1034 849 1187 900 Venerabilis
1216 851 1298 907 Pater,
1321 844 1446 894 Dominus

384 916 517 976 Walterus,
526 915 674 964 Exoniensis
686 917 830 978 Episcopus,
838 918 863 964 in
876 916 1001 965 Abbatem
1008 917 1134 968 deForde.
1146 920 1173 964 et
1180 914 1301 978 quosdam
1312 907 1446 958 monachos

385 996 443 1028 siros
451 995 479 1028 ac
488 980 622 1028 servientes
630 995 723 1040 eorum,
729 982 873 1030 Sentencias
878 981 1158 1041 Eacommunicacionis,
1165 991 1252 1028 contra
1259 975 1386 1040 privilegia
1392 988 1444 1046 sua,

384 1045 479 1108 injuste
499 1045 700 1108 promulgaverit,
719 1051 746 1094 et
762 1047 904 1108 capcionem
924 1047 1028 1108 Regiam
1044 1051 1131 1095 contra
1152 1045 1253 1094 eosdem
1270 1042 1446 1104 procurarent,

384 1110 477 1158 dictam
489 1109 630 1172 captionem
643 1110 859 1173 qualitercumque
871 1127 1011 1159 concessam
1023 1111 1152 1159 humiliter
1162 1112 1254 1172 petunt
1266 1104 1380 1154 revocari.

353 1175 427 1234 Ibem,
437 1191 494 1222 cnm
506 1179 658 1222 memoratus
670 1175 794 1223 Dominus
807 1176 944 1238 Episcopus
955 1179 1219 1238 omnesprocuratores
1231 1179 1257 1221 et
1268 1173 1408 1219 attornatos
1420 1182 1448 1213 ac

386 1239 523 1288 servientes
542 1240 655 1302 ipsorum
681 1240 786 1288 Abbatis
809 1245 836 1288 et
860 1242 1005 1289 Conventus
1027 1242 1060 1289 de
1083 1241 1170 1299 Forde,
1193 1255 1222 1286 ac
1243 1252 1329 1286 ornnes
1351 1238 1446 1281 meten·

385 1309 423 1352 tes
447 1309 541 1366 segetes
569 1319 626 1352 siras
652 1304 677 1352 in
705 1310 852 1366 autumpno,
883 1311 910 1353 et
937 1321 1023 1354 omnes
1055 1306 1164 1353 colentes
1192 1308 1271 1351 terras
1298 1314 1392 1356 eorum,
1420 1302 1447 1342 et

386 1369 508 1418 arridentes
526 1369 553 1418 in
573 1368 722 1417 molendinis
750 1369 869 1432 iquorem,
889 1387 934 1432 per
955 1386 982 1418 se
1004 1375 1031 1418 et
1054 1370 1175 1418 Officiales
1192 1383 1250 1416 suos
1277 1361 1448 1414 excommuni-

386 1435 485 1493 caverit,
499 1439 525 1481 ct
542 1434 572 1481 de
589 1433 629 1481 die
646 1434 671 1481 in
689 1434 756 1481 diem
773 1435 980 1493 excommunicet,
1000 1440 1102 1497 propter
1118 1434 1186 1495 quod
1203 1430 1309 1494 predicti
1326 1429 1409 1477 Alaban
1422 1431 1449 1472 ct

386 1500 531 1548 Conventus
543 1497 642 1547 nullum
654 1498 788 1547 inveniunt
798 1500 843 1560 qui
859 1515 935 1547 ausus
946 1501 980 1548 sit
996 1515 1037 1548 ears
1048 1499 1181 1548 defendere
1190 1499 1217 1546 in
1228 1497 1281 1544 foro
1293 1493 1396 1543 sccailari
1408 1490 1447 1538 val

385 1563 555 1623 ecclesiastico,
567 1563 675 1612 maxime
687 1563 714 1611 in
726 1563 824 1612 Diocesi
835 1565 970 1612 Exoniensi
981 1579 988 1620 ;
1006 1565 1075 1612 unde
1088 1579 1190 1626 magnas
1206 1562 1232 1611 in
1252 1557 1447 1624 possessionibus

385 1633 411 1676 et
423 1628 497 1676 rebus
508 1628 560 1676 suis
571 1627 676 1690 injurians
688 1628 823 1690 paciuntur
833 1630 943 1691 dampna
953 1635 980 1678 et
989 1630 1107 1692 jacturas,
1120 1634 1145 1676 et
1156 1626 1204 1676 nisi
1221 1626 1296 1675 cicius
1308 1622 1447 1672 remedium

384 1693 534 1742 adhibeatur
555 1692 676 1741 maximas
694 1693 790 1754 passuri
806 1698 868 1742 sunt
884 1694 911 1742 in
928 1694 1065 1754 futurum;
1082 1693 1148 1756 petit
1163 1692 1290 1756 predictus
1307 1688 1391 1736 abbas
1403 1701 1447 1747 per

384 1757 522 1806 Dominum
535 1758 629 1820 Regem
641 1763 667 1806 et
686 1758 742 1819 eius
760 1758 897 1806 Consilium
914 1759 1054 1806 remedium
1070 1774 1145 1821 super
1162 1757 1209 1806 hiis
1226 1754 1338 1804 adhiberi
1359 1767 1391 1799 ne
1404 1765 1447 1812 per

382 1823 530 1885 hujusmodi
539 1821 811 1870 chommunicacionia
823 1823 981 1871 Sentenciam
991 1823 1061 1887 justa
1069 1823 1212 1872 defensione
1223 1820 1286 1884 juris
1297 1818 1337 1866 sui
1348 1816 1446 1865 defrau-

382 1889 482 1948 dentur,
495 1887 535 1935 vel
547 1891 612 1935 terre
624 1902 710 1934 eorum
727 1891 872 1935 remaneant
888 1888 983 1936 inculte
1000 1889 1027 1936 et
1037 1888 1085 1950 ipsi
1101 1886 1218 1949 Religiosi
1229 1881 1365 1934 necessario
1377 1881 1446 1928 victu

383 1969 428 2001 suo
445 1956 551 2001 careant.
602 1952 660 2000 Non
677 1951 743 2000 eninr
761 1951 830 1999 aliud
847 1952 958 2000 intendit
974 1953 1098 2000 Dominus
1115 1951 1252 2016 Episcopus
1269 1948 1403 2012 predictus,
1417 1949 1447 1991 ut

383 2019 491 2075 videtur,
506 2016 555 2064 nisi
562 2022 599 2133 ut⁷
604 2016 684 2066 dictos
696 2015 831 2078 Religiosos
842 2017 943 2065 omnino
954 2018 1093 2066 confundat
1101 2021 1128 2067 et
1135 2018 1230 2065 Locum
1239 2029 1325 2064 eorum
1333 2013 1447 2060 destruat

383 2083 568 2142 etsubvertat;
603 2083 623 2130 6.

350 2147 544 2198 Memorandum
562 2146 637 2208 quod,
655 2160 713 2194 cum
736 2145 803 2194 inter
823 2146 997 2196 venerabilem
1015 2147 1123 2208 Patrem,
1142 2145 1280 2195 Dominum
1297 2141 1446 2200 Walterum,

383 2213 431 2261 Dei
452 2211 534 2274 gracia
552 2210 720 2259 Exoniensem
743 2211 902 2274 Episcopum,
926 2228 957 2260 ex
987 2218 1058 2274 parta
1084 2228 1143 2272 una,
1165 2216 1192 2260 et
1214 2210 1350 2272 Religiosos
1373 2206 1445 2263 viros,

382 2276 544 2336 Willelmum,
558 2275 685 2323 Abbatcm
701 2276 732 2323 de
750 2275 831 2324 Forde
847 2282 874 2324 et
890 2277 1005 2339 ejusdem
1017 2277 1076 2325 Loci
1088 2277 1256 2336 Conventum,
1268 2271 1446 2337 Cysterciensis

383 2341 492 2402 Ordinis,
504 2339 651 2389 anniensis
663 2339 780 2399 Diocesis,
792 2356 824 2389 ex
834 2341 920 2402 altera,
932 2357 1008 2404 super
1025 2342 1100 2389 variis
1111 2346 1138 2390 et
1158 2340 1262 2389 diversis
1274 2337 1396 2400 dampnis,
1409 2336 1446 2383 in·

381 2405 462 2470 juriis,
474 2411 501 2454 et
511 2405 704 2468 gravaminibus,
716 2405 886 2466 contumaciis,
894 2411 921 2454 et
932 2406 1031 2454 offensis
1038 2406 1150 2468 predicto
1161 2404 1304 2453 Venerabili
1317 2400 1408 2462 [Patri]
1420 2405 1447 2447 et

384 2472 492 2520 Ecclesia
508 2485 608 2532 suaper
625 2475 776 2519 memoratos
794 2471 930 2533 Religioaos
947 2471 1122 2534 multipliciter
1140 2470 1225 2530 illatis,
1237 2469 1339 2517 suborta
1356 2466 1447 2514 fariaset

383 2537 486 2586 matoria
497 2535 641 2599 questionis,
653 2536 755 2584 tandem
767 2535 861 2584 eisdem
873 2536 997 2596 Partibus,
1009 2536 1041 2585 ad
1051 2535 1200 2585 instanciam
1211 2540 1238 2583 et
1245 2532 1446 2599 procuracionem

384 2602 509 2650 dictorum
530 2601 711 2663 Religiosorum
733 2601 759 2649 in
779 2601 906 2663 presencia
926 2601 1029 2649 Domini
1055 2600 1181 2661 Edwardi‚
1206 2600 1254 2647 Dei
1272 2599 1354 2662 macla
1374 2596 1447 2658 Regis

383 2666 473 2729 Anglie
489 2665 602 2726 illustris,
623 2665 774 2724 constitutis,
798 2666 865 2714 idem
888 2666 1012 2715 Dominus
1026 2666 1087 2726 Rex,
1108 2666 1160 2714 litis
1178 2666 1296 2714 affectans
1315 2666 1447 2725 amputare

384 2732 522 2791 auctarium,
546 2734 577 2779 ut
596 2731 733 2779 earundem
750 2730 866 2779 Parcium
890 2731 1017 2779 laboribus
1039 2730 1132 2794 pariter
1148 2736 1266 2793 parcatur
1282 2734 1308 2777 et
1324 2726 1446 2789 expensis,

383 2798 566 2858 advertensque
582 2794 729 2858 hujusmodi
746 2795 904 2857 questionem
923 2796 955 2843 sd
967 2795 1049 2843 forum
1062 2796 1264 2844 Ecclesiasticum
1276 2793 1407 2857 pertinere,
1420 2796 1446 2839 et

384 2877 429 2924 per
437 2861 502 2909 viros
514 2860 698 2909 Ecclesiasticos
709 2859 811 2908 tractari
822 2860 913 2908 debere
924 2865 951 2909 ct
961 2860 1098 2921 terminari,
1107 2862 1193 2908 Partes
1205 2860 1304 2908 easdem
1312 2857 1409 2919 rogavit
1419 2861 1447 2903 et

383 2926 486 2974 induxit
506 2930 538 2973 ut
548 2925 580 2971 de
597 2940 656 2987 pace
672 2924 738 2972 inter
755 2925 855 2973 eoadem
871 2926 1034 2974 amicabiliter
1049 2930 1206 2973 tractaretur.
1242 2924 1339 2983 Quibus
1356 2924 1382 2969 in
1400 2922 1446 2969 hoc

385 2989 607 3049 consencientibus,
626 2990 765 3037 dummodo
787 2989 833 3037 viri
854 2990 1020 3038 Ecclesiastici
1042 2995 1126 3038 essent
1149 2990 1193 3052 qni
1215 2990 1247 3037 de
1269 2987 1447 3051 Spiritualibus

383 3060 490 3104 tractare
502 3059 603 3116 possent
623 3059 649 3101 at
668 3054 766 3113 scirent,
778 3054 863 3102 dictus
874 3054 999 3103 Dominus
1010 3056 1064 3104 Rex
1084 3055 1203 3104 discretos
1220 3055 1286 3102 viros
1298 3053 1446 3115 Magistrum

383 3121 523 3169 Walterum
536 3120 639 3179 Scamel,
654 3119 783 3167 Decanmn
795 3119 1017 3168 Sanisburienaem
1028 3125 1055 3168 et
1075 3120 1225 3182 Magistnrm
1236 3119 1359 3167 'rhomam
1370 3117 1444 3175 Beke,

384 3184 593 3235 Arclridiaoonum
601 3183 819 3243 Demaenetus
829 3184 913 3232 Civilis
923 3190 949 3232 ct
961 3185 1078 3233 Canonici
1090 3186 1249 3243 Professores,
1261 3184 1354 3231 eisdem
1364 3181 1445 3229 Parti·

384 3250 433 3298 bus
453 3250 484 3297 ad
499 3248 660 3297 tractandum
671 3248 703 3295 de
719 3264 778 3309 pace
789 3249 939 3296 mediatores
953 3250 1110 3297 nominavit:
1128 3251 1196 3312 quod
1213 3248 1308 3311 placuit
1322 3246 1446 3303 Partibus,

384 3322 410 3363 et
421 3316 447 3363 iu
459 3330 500 3362 eos
512 3318 632 3374 tanquam
644 3312 670 3360 in
682 3314 748 3374 pacis
760 3314 909 3361 mediatores
927 3330 1040 3376 expresse
1059 3321 1246 3363 consenserunt.
1282 3311 1371 3360 Coram
1391 3310 1445 3373 qui·

382 3382 437 3440 bus,
455 3378 523 3440 apud
550 3375 808 3437 westmonasterium,
822 3378 937 3426 vicesimo
953 3380 1061 3428 secundo
1078 3380 1119 3428 die
1136 3379 1257 3436 Octobris
1269 3378 1343 3426 Anno
1360 3378 1448 3426 Gracie

386 3448 431 3495 aia
453 3445 513 3493 00⁰.
534 3441 596 3491 lxx0.
618 3446 697 3502 sexto,
710 3443 843 3503 propositis
865 3443 965 3504 juribus
984 3444 1123 3492 rationibus
1136 3450 1163 3493 ct
1183 3442 1375 3505 allegacionibus
1388 3443 1447 3492 hinc

385 3516 412 3559 et
423 3510 481 3557 inde
493 3514 519 3556 et
536 3507 635 3570 plenius
646 3507 787 3565 intellectis,
799 3508 945 3570 meritisque
955 3508 1014 3557 hinc
1025 3509 1084 3557 iude
1095 3510 1279 3571 propositurum
1295 3509 1446 3571 ponderatis,

384 3576 451 3624 idem
463 3574 555 3633 Abbas,
568 3572 668 3621 nomine
679 3588 725 3621 suo
736 3577 762 3619 et
775 3573 919 3621 Conventus
930 3573 970 3621 aui
980 3575 1109 3631 antedicti,
1121 3590 1165 3636 pro
1177 3574 1293 3637 dampnis
1310 3574 1408 3637 injuriis
1420 3580 1447 3621 et

386 3639 579 3703 gravaminibus,
592 3637 754 3686 contumetiis
765 3637 858 3697 pariter
866 3643 893 3685 et
901 3638 1007 3697 offensis,
1016 3640 1113 3700 prefato
1122 3640 1244 3701 Episcopo
1251 3644 1278 3688 et
1285 3639 1392 3687 Ecclesia
1403 3654 1448 3686 sire

387 3722 431 3768 per
448 3704 548 3753 eosdem
569 3703 654 3761 illatis,
672 3702 823 3764 quingentas
843 3702 918 3751 libras
933 3703 1117 3766 sterlingorum,
1134 3704 1161 3752 in
1179 3705 1305 3767 presencia
1321 3705 1447 3751 dictorum

388 3770 555 3819 mediatorum
574 3773 600 3815 et
618 3767 724 3815 aliorum
745 3766 894 3825 multorum,
906 3768 1002 3830 prefato
1019 3784 1065 3816 suo
1082 3769 1213 3832 Episcopo,
1228 3774 1317 3831 sponte
1334 3772 1359 3815 et
1376 3768 1447 3815 nullo

387 3839 492 3898 cogente
502 3832 613 3896 imperio,
625 3832 726 3880 nomine
735 3832 848 3890 emende,
861 3832 888 3880 in
899 3847 988 3880 manus
998 3833 1060 3881 dicti
1071 3833 1173 3882 Domini
1185 3833 1301 3896 Episcopi
1319 3833 1429 3881 radiavit
1440 3848 1447 3890 ;

386 3899 537 3962 promittens
553 3912 580 3945 ae
591 3898 623 3945 ad
639 3897 837 3945 moderacionem
854 3898 979 3945 dictorum
996 3898 1089 3946 Decani
1105 3903 1132 3946 et
1147 3897 1327 3958 Archidiaconi,
1340 3898 1447 3946 termino

387 3970 433 4013 aut
444 3963 556 4012 terminis
567 3962 615 4010 sibi
627 3977 671 4024 per
682 3962 781 4009 eosdem
792 3960 948 4023 prefigendis,
960 3963 1026 4024 ipsas
1037 3963 1187 4025 quingentas
1203 3964 1286 4024 libras,
1303 3963 1330 4011 ln
1341 3967 1396 4011 toto
1407 3962 1447 4011 vel

387 4030 413 4077 in
426 4034 503 4091 parte,
515 4033 641 4090 quatenus
652 4026 699 4089 ipsi
706 4042 782 4088 super
792 4026 879 4075 hocad
890 4027 1009 4074 honorem
1021 4028 1068 4075 Dei
1079 4033 1106 4076 et
1115 4028 1222 4077 Ecclesia
1233 4027 1353 4076 duxerint
1363 4028 1447 4075 mode·

387 4093 590 4154 renunciatum
606 4106 732 4139 summam
754 4092 877 4153 erigendo,
900 4092 938 4138 vel
960 4092 1132 4141 subtrahendo
1148 4094 1181 4141 ab
1202 4094 1297 4152 eadem
1315 4092 1380 4140 bona
1398 4092 1448 4140 fide

388 4159 539 4208 soluturum,
569 4156 645 4215 Dicti,
656 4172 722 4216 vero,
734 4156 884 4204 mediatores
895 4156 926 4202 ad
935 4156 1132 4205 moderacioncm
1144 4173 1214 4206 suam
1225 4157 1447 4221 pronunciandam,

387 4223 454 4271 diem
466 4220 610 4281 crastinum,
622 4222 675 4269 loco
684 4237 734 4283 quo
746 4221 823 4283 prius,
842 4220 916 4268 dictis
925 4220 1042 4270 Partibus
1053 4223 1216 4284 assignarunt
1251 4222 1356 4282 Qiribus,
1373 4222 1447 4270 dictis

387 4288 428 4336 die
440 4292 466 4335 et
482 4288 542 4346 loco,
554 4300 637 4334 coram
657 4286 750 4334 eisdem
766 4285 975 4347 comparentibus,
986 4286 1185 4335 moderacionem
1202 4302 1273 4336 suam
1285 4286 1448 4350 pronunciare

387 4352 547 4411 distulerunt,
562 4351 621 4402 licet
639 4366 654 4401 a
673 4351 785 4416 predicto
801 4350 924 4415 Episcopo
941 4350 1063 4402 instanter
1081 4352 1114 4403 ud
1132 4352 1160 4403 ld
1178 4352 1321 4404 faciendum
1339 4350 1448 4403 fuissent
