3242 5100
325 631 394 702 110

580 645 715 702 mesor
732 623 1034 702 esoussccnes's
1052 646 1240 703 nsersrsn.

420 827 519 878 Literss
537 827 743 888 lutrcdnccionis‚
755 832 783 878 et
800 827 897 892 jursvit
915 828 1086 879 obedienciam
1104 828 1206 878 nomina
1225 827 1328 877 Domini
1345 826 1402 887 sni;
1419 841 1474 890 pre·

420 893 535 943 sentibus
559 893 692 957 Rndnlphc
719 891 762 956 [de
788 893 949 957 Hyugehsm]
978 895 1132 953 Precentore,
1156 894 1265 943 Roberto
1300 893 1333 942 de
1353 891 1474 954 Tyfl'ordJ,

421 957 574 1009 Oeneelisn'o
588 957 730 1018 Exoniensi,
740 957 863 1020 W[sltero
873 959 905 1008 de
922 957 1079 1022 Psmbrok01
1093 958 1272 1008 Archidieccno
1319 957 1476 1020 mastopclis,

420 1023 517 1073 Thomu
538 1025 571 1074 de
588 1021 733 1084 Herteicrd,
756 1023 882 1073 Canonioo
904 1023 1047 1084 Exoniensi,
1072 1023 1269 1084 B[srthclomeo]
1292 1024 1324 1072 de
1346 1022 1473 1075 Lsrdario.

419 1086 565 1203 gemiti}
572 1090 603 1138 de
615 1088 785 1204 Bllsledggne,
802 1088 950 1151 W[illslmc]
965 1089 997 1138 de
1014 1089 1121 1152 Capella,
1132 1088 1268 1151 nomana]
1282 1088 1313 1136 de
1325 1088 1392 1148 Esse,
1406 1087 1433 1136 rt
1446 1088 1479 1135 de

442 1169 457 1202 o
519 1170 534 1202 o
566 1154 694 1212 ,eteriv
741 1189 747 1203 .

387 1218 462 1269 Auno
473 1220 569 1279 eodem,
582 1219 607 1282 vj
619 1219 680 1268 ldus
691 1216 842 1268 Novembris
859 1217 886 1282 [8
898 1219 972 1281 Nou,
985 1219 1067 1281 12591,
1076 1218 1201 1268 Dominus
1218 1217 1356 1282 Episcopus
1367 1218 1477 1267 contulit

421 1283 544 1334 Vicarism
573 1283 682 1333 Ecclesie
709 1283 741 1332 ds
768 1283 929 1333 Axeminstra
930 1319 1099 1334 .....
1140 1283 1244 1334 Wolters
1271 1283 1301 1333 dc
1322 1283 1476 1333 Aulmumtc

438 1349 568 1408 rssbiter03
584 1354 612 1398 at
628 1348 718 1398 hebuit
733 1348 830 1398 Literss
848 1348 1023 1398 Institucicnis
1042 1350 1070 1398 in
1089 1349 1136 1398 hec
1155 1349 1231 1398 verba
1245 1349 1306 1399 :—“.
1328 1385 1335 1398 .
1371 1385 1378 1398 .
1413 1385 1420 1397 .
1443 1349 1476 1397 sd

421 1366 599 1490 iiuivemitatis
617 1423 699 1490 vestre
710 1413 837 1474 noticism,
852 1419 939 1463 tencre
951 1414 1246 1490 Proconnensium
1261 1414 1397 1491 paresne·
1408 1413 1477 1476 quod

421 1479 1477 1608 litttttlttttll{ttltflzffldudltpttttlllttl

422 1609 529 1659 Oollscio
542 1623 586 1672 per
596 1609 774 1672 negligenciam
787 1609 880 1658 Decani
891 1614 919 1658 et
930 1610 1047 1674 Capituli,
1060 1625 1105 1659 seu
1116 1609 1299 1660 canonicorum
1313 1609 1475 1658 Eborsosnsis

421 1674 536 1736 Ecclesie,
549 1689 658 1737 quorum
676 1674 813 1723 Prebendis
833 1673 943 1724 Ecclesia
961 1675 1016 1738 ipss
1031 1690 1129 1724 suuexs
1146 1689 1199 1724 esse
1218 1674 1319 1734 dicitur,
1337 1673 1477 1722 secundm

422 1739 527 1789 Ststuts
545 1738 717 1788 Istemnensis
738 1739 843 1788 Consilii
861 1740 894 1788 ad
914 1755 960 1788 noe
976 1740 1011 1789 sit
1027 1739 1280 1802 deuolute-dilecto
1299 1739 1350 1788 tilio
1373 1738 1476 1788 il'olterc

421 1804 451 1854 dc
470 1803 630 1864 sumente,
646 1804 791 1868 presbitero,
804 1804 895 1853 Divino
915 1805 1026 1854 ceritstis
1043 1805 1148 1865 intuitu,
1168 1803 1322 1854 contulimus
1341 1809 1369 1852 et
1386 1804 1471 1866 ipsum

422 1869 449 1919 iu
465 1869 552 1919 eadem
569 1869 684 1918 senonice
701 1869 829 1918 Vicsrr'um
844 1868 1010 1931 instituimus,
1028 1870 1103 1918 selria
1120 1869 1250 1919 Gsuonisis
1266 1869 1384 1933 predictis
1401 1869 1474 1918 dum·

421 1939 493 1984 texet
504 1934 576 1998 xxiiij
589 1942 610 1967 ⁰¹
628 1934 717 1983 mercis
736 1934 827 1983 sunnis
843 1951 888 1996 per
904 1950 995 1984 munus
1010 1935 1124 1997 ejusdem
1136 1935 1228 1984 Vicsrii
1239 1935 1350 1984 debonis
1365 1933 1475 1982 Eocleaie

422 1999 565 2063 supradicio
580 1999 655 2061 juxte
671 1999 873 2062 predecessorum
883 2007 1027 2049 nostrorum
1043 2000 1233 2049 Ordinecionem
1244 1999 1415 2063 percipiendis,
1428 1998 1476 2047 nisi

423 2064 553 2114 Csuoniois
570 2064 631 2127 ipsis
649 2069 675 2112 et
695 2064 844 2112 libomceusi
862 2065 970 2114 Ecclesia
990 2079 1022 2114 ex
1034 2065 1167 2127 Privilsgio
1183 2065 1255 2115 Sedis
1273 2064 1415 2128 Apostolice
1435 2063 1473 2111 rel

421 2127 469 2178 alic
479 2129 536 2193 jure
546 2128 646 2192 speciali
656 2129 764 2192 amplius
775 2129 898 2178 debeatur
909 2145 915 2189 ;
932 2131 956 2178 9.

389 2193 463 2243 Anno
479 2195 576 2252 eodem,
587 2209 604 2242 r
622 2193 684 2242 Idus
700 2194 762 2244 Julii
782 2195 823 2255 [ll
844 2194 913 2258 Jnly,
927 2193 1008 2257 1260J,
1020 2194 1099 2244 exirit
1111 2193 1195 2244 bitere
1208 2210 1213 2244 :
1229 2195 1363 2253 Walterue,
1376 2193 1475 2242 misere·

423 2260 493 2309 done
500 2258 592 2308 Disins
599 2263 655 2319 etc,
662 2259 782 2322 Magistro
790 2257 910 2322 [obsum
920 2259 953 2308 de
960 2259 1106 2321 Excsstrisl,
1115 2259 1220 2309 Eboraci
1228 2260 1380 2309 Cancellsrio
1386 2263 1476 2319 etc,-

421 2324 487 2375 Oum
497 2339 529 2372 ex
536 2322 616 2373 Officii
627 2323 707 2373 nostri
714 2323 808 2385 debito,
817 2329 929 2373 nostr-sm
937 2324 1068 2373 visitantes
1076 2324 1224 2401 parochiam,
1233 2324 1357 2374 ldcarism
1365 2323 1474 2374 Ecclesis

420 2390 452 2439 de
467 2388 621 2438 Axministre
641 2393 714 2437 tento
728 2393 843 2452 tempore
860 2388 984 2438 vacavisse
1001 2389 1170 2438 invemremus
1186 2389 1254 2452 quod
1273 2389 1352 2453 ipsius
1365 2389 1472 2439 Ocllecio

421 2454 454 2504 ad
475 2469 522 2504 nos
549 2457 616 2503 esset
642 2453 781 2512 dsrcluta3
809 2469 912 2517 nosque,
940 2453 1071 2517 sollempni
1099 2453 1218 2517 premisse
1244 2455 1383 2503 municione
1404 2455 1475 2517 quod

423 2520 538 2570 Decanns
549 2522 576 2569 et
594 2516 741 2583 Capitulum
756 2517 869 2580 Eboraci,
881 2534 925 2569 seu
946 2519 982 2569 hii
1001 2534 1110 2583 quorum
1121 2523 1184 2569 tunc
1198 2519 1327 2581 intererat,
1339 2519 1474 2569 Personam

421 2586 544 2650 ydoneum
555 2584 621 2633 inim
637 2589 735 2634 certum
743 2589 845 2648 tempus
855 2586 888 2634 sd
899 2600 955 2634 eam
965 2590 1144 2649 presentareut,
1157 2584 1280 2634 Vicarism
1290 2586 1371 2648 ipssm
1382 2585 1474 2634 dilecto

423 2651 474 2700 illio
510 2649 611 2700 Wolters
638 2650 668 2699 ds
700 2649 859 2710 Auimumbe,
889 2650 1033 2713 presbitero,
1060 2666 1146 2698 mense
1177 2649 1335 2712 Novembris,
1363 2650 1474 2699 mritstie

421 2715 525 2777 intuitu,
537 2714 724 2774 contulerimus,
733 2715 801 2763 sslvs
810 2716 941 2765 Osncnicis
950 2715 1111 2764 Eborsceusis
1122 2714 1231 2764 Ecclesie
1240 2715 1344 2778 entique
1352 2719 1379 2764 et
1387 2715 1473 2764 debite

422 2781 540 2830 Porcicns
560 2779 592 2829 de
612 2780 699 2828 eadem
720 2780 830 2829 Ecclesia
847 2780 874 2829 in
893 2780 998 2843 pectinis
1019 2785 1151 2829 numerate
1172 2796 1217 2843 per
1237 2780 1365 2829 Vicarinm
1386 2780 1470 2843 ipsum

421 2846 552 2895 annuetirn
574 2844 707 2905 solvenda;
725 2846 846 2905 nolentes,
862 2850 954 2905 mmeu,
972 2845 1038 2894 bons
1056 2850 1140 2894 rostra
1158 2845 1253 2894 ibidem
1272 2846 1312 2894 vel
1331 2844 1404 2894 aliter
1422 2845 1471 2894 sub

422 2910 538 2960 districtu
551 2914 637 2959 nostro
647 2910 781 2959 existencin
796 2910 922 2958 inutiliter
937 2910 1043 2959 distrahi
1054 2915 1100 2959 sut
1110 2911 1229 2972 consumi,
1239 2926 1325 2959 omnes
1336 2910 1435 2959 tructus
1446 2913 1473 2958 et

422 2979 558 3040 proventus
572 2974 698 3023 Porcionis
710 2980 798 3034 vestre,
811 2990 888 3038 quom
899 2974 926 3023 in
937 2976 1005 3024 dicta
1016 2974 1125 3024 Ecclesia
1137 2976 1168 3024 de
1180 2975 1334 3024 Arministrs
1346 2975 1472 3038 optinatis,

421 3040 519 3089 racione
537 3039 664 3089 Prebende
680 3044 760 3089 vestre
780 3038 943 3088 Eborsceneis
960 3055 1005 3089 ros
1021 3039 1201 3103 contingentes,
1215 3040 1284 3089 sulse
1298 3038 1472 3089 liinistmrnm

422 3106 489 3155 dicte
508 3104 616 3153 Ecclesie
635 3120 743 3167 congrue
762 3104 954 3166 sustentecions,
965 3104 1056 3153 dilecto
1074 3105 1125 3153 filio
1140 3106 1320 3154 Archidiscono
1338 3104 1473 3153 Exouieusi

421 3170 470 3220 sub
492 3174 634 3218 nostrorum
656 3169 800 3218 testimonio
822 3169 993 3218 commisimus
1023 3185 1162 3233 quousque,
1184 3175 1286 3219 suctors
1309 3170 1424 3231 Domino,
1445 3170 1472 3217 iu

420 3234 537 3298 Anglium
548 3233 680 3293 redieritis,
692 3233 757 3282 bons
766 3233 816 3282 fide
827 3235 1082 3284 conservandos-In
1094 3236 1174 3297 cnjus,
1184 3240 1231 3284 etc
1246 3250 1252 3294 3
1269 3234 1306 3285 17.

390 3301 464 3349 Anno
486 3301 581 3359 eodem,
605 3297 741 3360 londonie,
763 3298 799 3363 iiij
824 3299 886 3347 Idus
907 3299 971 3348 Julii
998 3300 1041 3361 [12
1062 3300 1132 3363 July,
1156 3298 1237 3359 1260]‚
1259 3299 1341 3348 exirit
1368 3298 1473 3348 Litore:

422 3364 551 3415 Universis
569 3368 695 3426 presentes
718 3364 815 3413 Litsras
836 3363 986 3426 inspecturis
1008 3364 1127 3427 Magister
1148 3364 1289 3413 willelmus
1307 3365 1338 3413 de
1360 3364 1472 3426 Waleby,

422 3429 561 3480 Osncnicus
584 3428 908 3484 Ebcrecensis.eto.-Cum
926 3429 1079 3478 Venerabilis
1094 3429 1176 3489 Peter,
1189 3429 1314 3479 Dominus
1333 3428 1467 3488 walterus,

421 3493 567 3545 Eroniensis
579 3493 724 3557 Episcopus,
736 3493 768 3541 sd
784 3492 933 3542 instancism
952 3508 1035 3542 mecm
1050 3492 1114 3541 milri
1128 3494 1277 3543 concesserit
1295 3495 1363 3557 quod
1375 3494 1474 3543 iructus

421 3559 547 3609 Porcionis
561 3574 615 3607 mee
623 3558 650 3606 in
662 3557 771 3606 Ecclesia
782 3559 814 3606 de
824 3557 979 3607 Asministre
990 3558 1023 3607 ed
1030 3557 1186 3607 Prebendsm
1197 3574 1279 3607 meum
1290 3559 1472 3608 Eborscensem

421 3629 569 3689 spectantes,
589 3622 708 3671 sssccintc
724 3622 800 3671 michi
819 3638 872 3671 nno
889 3624 921 3671 de
941 3622 1001 3684 suis,
1022 3623 1135 3686 colligere
1156 3624 1249 3686 possim
1271 3629 1299 3673 et
1319 3640 1471 3686 conservare,

420 3690 558 3739 dummodo
578 3690 611 3737 de
628 3688 753 3736 fructibus
774 3686 843 3751 ipsis,
861 3688 977 3737 deductis
996 3688 1110 3751 expensis
1128 3689 1271 3738 necessariis
1290 3689 1466 3747 laborandum,

421 3755 483 3803 citrs
505 3754 619 3817 proximo
645 3758 778 3802 veuturum
808 3753 913 3801 Festum
938 3753 1086 3802 Natiuitatis
1114 3754 1243 3803 Dominics
1267 3753 1344 3802 nichil
1369 3754 1471 3817 penitus

420 3822 580 3876 destructum
607 3834 652 3880 ego
674 3818 755 3867 eidem
777 3818 887 3867 Domino
910 3818 1039 3882 Episcopo,
1061 3824 1148 3868 tencre
1171 3820 1330 3868 Prssencium
1352 3819 1378 3867 in
1395 3818 1472 3867 verbo

420 3884 533 3934 veritatis
555 3888 582 3932 et
610 3883 674 3931 bons
701 3883 750 3932 lide
777 3884 899 3947 promitto
921 3885 990 3946 qnod
1011 3884 1111 3933 fructus
1132 3884 1198 3947 ipsos
1216 3890 1243 3933 et
1265 3888 1408 3947 proventus,
1426 3900 1472 3948 per

420 3948 594 3999 ministeriales
612 3963 680 3996 meos
698 3953 839 3997 etcertum
859 3948 988 3996 custodem
1000 3964 1016 3997 s
1029 3949 1097 3997 dicto
1117 3949 1225 3999 Domino
1238 3949 1358 4012 Episcopo
1376 3950 1408 3997 ed
1425 3949 1472 3998 hoc

421 4014 603 4077 deputandum,
615 4012 723 4061 fideliter
734 4012 816 4074 colligi
826 4017 853 4062 et
863 4013 1002 4061 conserrsri
1018 4014 1136 4077 sulcoque
1152 4030 1179 4063 re
1212 4014 1238 4063 ui
1255 4013 1352 4074 inciam,
1364 4018 1392 4063 et
1403 4015 1470 4077 quod

421 4081 452 4129 de
463 4078 587 4128 fructibus
598 4078 659 4140 ipsis
670 4077 746 4125 nichil
761 4077 863 4139 penitus
880 4078 1027 4138 distrshsm,
1038 4084 1084 4127 aut
1100 4030 1211 4128 cinnii
1224 4079 1378 4143 permittsm,
1390 4095 1469 4155 nsque

421 4145 448 4193 in
468 4144 573 4192 Festum
588 4142 768 4205 supradictum,
788 4142 838 4189 nisi
854 4142 973 4204 Magister
991 4143 1025 4202 J.‚
1041 4144 1208 4193 Concellsrius
1226 4143 1338 4200 Eboraci,
1358 4144 1397 4193 vel
1415 4159 1471 4206 sJus

420 4213 571 4285 procumtor,
594 4208 694 4271 plenem
712 4206 805 4254 hebens
826 4212 977 4269 [ementem
989 4208 1149 4257 Ordinscioni
1168 4224 1213 4256 seu
1229 4209 1363 4258 Tsmcioni
1375 4208 1470 4257 Viceu's

420 4274 498 4337 ipsius
520 4272 628 4322 Ecclesie
644 4270 825 4331 consencieudi,
836 4271 862 4319 in
880 4271 997 4334 Anglism
1015 4272 1084 4335 prim
1093 4274 1195 4333 venerit,
1207 4277 1234 4322 et
1253 4273 1300 4322 lrcc
1315 4274 1348 4322 de
1358 4274 1472 4337 ejusdem

421 4338 523 4389 Domini
546 4337 661 4401 Episcopi
681 4336 799 4399 procedat
821 4336 960 4384 voluntate.
995 4338 1066 4398 Volo,
1078 4337 1203 4399 etiamst
1225 4340 1333 4387 concedo
1355 4339 1424 4402 qnod
1440 4340 1472 4387 ds

420 4405 491 4453 bonis
506 4402 632 4452 Porcionis
651 4415 705 4449 mee
722 4401 748 4449 iu
766 4401 820 4464 ipse
837 4401 946 4450 Ecclesia
963 4416 1072 4465 congrua
1082 4404 1234 4453 sustentscio
1248 4404 1372 4453 Ministris
1391 4403 1470 4467 ipsius

419 4468 521 4520 iuterim
544 4467 707 4519 ministretur.
743 4466 791 4515 Pro
811 4466 858 4515 hnc
879 4481 981 4534 quoque
1007 4467 1164 4517 concessione
1191 4473 1218 4517 et
1243 4470 1325 4535 grecis
1351 4468 1469 4519 omnibus
