3242 5100
338 537 385 605 48

576 555 718 610 menos>
736 535 1047 612 nnounscousn's
1065 557 1259 612 nscnmn.

338 708 497 775 Cheriton
512 709 636 796 Bishcp
659 709 840 794 -[Thereis
854 709 993 775 another
1004 731 1089 860 copp
1103 710 1139 775 oi
1153 711 1220 776 this
1232 711 1333 787 Deed,
1347 710 1491 777 stitched

425 797 460 860 in
475 795 625 860 between
647 795 679 860 ff.
702 796 744 865 76
766 797 833 861 end
848 796 900 865 77.
946 797 1051 861 These
1089 818 1151 861 sve
1166 798 1410 874 beenccllsted
1424 799 1491 863 and

425 880 483 948 the
499 883 678 948 variatione
693 883 761 948 will
778 883 819 948 be
833 883 939 948 found
954 884 1055 948 noted
1070 883 1198 967 belom]

404 1003 491 1052 Sciant
498 1007 625 1078 presentes
634 1007 661 1052 st
668 1003 750 1052 futuri
761 1005 831 1066 quod
842 1019 895 1066 ego,
905 1003 1036 1068 Elpenora,
1045 1003 1153 1052 Domina
1161 1005 1193 1052 ds
1201 1003 1284 1052 Meleh
1342 1002 1372 1063 s¹,
1381 1005 1408 1053 in
1419 1002 1495 1068 legiu²

437 1067 560 1116 viduitate
571 1082 634 1128 mee,
645 1068 712 1128 dedi,
724 1069 840 1126 concessi,
852 1074 880 1117 st
895 1069 942 1117 hoc
953 1069 1063 1132 presenti
1075 1069 1151 1118 Corin
1161 1084 1218 1117 mea
1228 1085 1274 1116 eon
1294 1070 1373 1117 rmsri
1386 1071 1495 1118 Domino

437 1132 554 1192 Woltem,
572 1133 708 1181 Exoniensi
725 1134 854 1196 Episcopo,
869 1149 945 1182 unam
956 1149 1038 1181 acram
1056 1139 1122 1180 terre
1139 1134 1164 1181 iu
1183 1132 1296 1181 hlanerio
1309 1135 1405 1182 meede
1418 1135 1494 1182 Mele-

436 1197 542 1260 hywysl,
555 1197 671 1246 videlicet
687 1198 713 1246 in
730 1198 844 1247 Australi
859 1203 931 1261 parts
948 1199 1033 1248 Strute
1050 1199 1127 1260 Regis
1137 1215 1187 1261 que
1199 1203 1303 1247 vocetur
1314 1199 1494 1247 Cronwellshe-

437 1259 534 1322 strete,‘
553 1262 627 1310 certis
647 1262 739 1311 tinibus
757 1262 900 1322 limitatam,
920 1279 979 1311 cum
998 1263 1170 1311 Advomcicne
1187 1263 1296 1311 Ecclesie
1310 1265 1342 1311 de
1359 1264 1495 1312 Cherilone

437 1324 576 1390 [Episcopi]
587 1343 593 1386 ;
606 1327 740 1375 tenendum
752 1331 778 1376 et
788 1328 930 1376 habendam
941 1327 989 1375 sibi
1000 1332 1027 1374 et
1038 1328 1220 1376 successoribus
1231 1329 1283 1376 suis
1292 1330 1331 1376 vel
1343 1329 1494 1391 assignatis?

436 1391 553 1440 videlicet
568 1392 609 1440 cui
627 1392 666 1440 vel
683 1392 776 1454 quibus
793 1407 856 1450 eam,
874 1407 933 1441 cum
946 1393 1116 1440 Advoeucione
1128 1392 1246 1454 prelicte,
1264 1393 1330 1454 dere,
1349 1394 1436 1455 legare,
1449 1409 1493 1441 seu

436 1456 513 1504 eciem
532 1456 656 1519 assignare
675 1457 790 1515 voluerit,
809 1457 837 1505 in
853 1457 906 1506 vita
921 1457 961 1505 vel
978 1456 1004 1504 in
1022 1462 1110 1512 morte,
1127 1457 1209 1505 libere.
1229 1457 1321 1520 quieto,
1341 1458 1448 1521 pacifice,
1468 1464 1494 1506 et

435 1521 533 1584 integre
544 1521 570 1569 in
582 1527 732 1584 perpetuum
744 1522 776 1570 ab
788 1522 857 1571 omni
868 1521 971 1570 servicio
982 1522 1092 1569 seculari.
1128 1523 1162 1569 Et
1173 1538 1226 1584 ego,
1234 1522 1379 1584 Elyuncrs,¹¹
1389 1523 1493 1572 heredes

436 1585 487 1634 mei
503 1590 529 1634 et
545 1587 670 1648 ossignmi
682 1587 836 1649 quicumque
846 1586 1002 1649 temporibus
1013 1587 1107 1634 futuris
1119 1587 1221 1635 Domini
1231 1587 1264 1635 ds
1275 1586 1439 1650 Melehywys⁷
1451 1603 1493 1637 ex·

436 1651 543 1711 titerint,
555 1651 649 1700 dictem
666 1657 766 1711 tenum,
778 1667 838 1701 cum
849 1651 1021 1700 Advocecione
1034 1651 1156 1724 predicte,
1168 1651 1235 1700 dicto
1253 1651 1362 1701 Domino
1372 1652 1491 1714 Wolters,

436 1713 638 1766 successoribus⁸
667 1716 720 1764 suis
742 1720 769 1764 et
796 1716 935 1778 assignetis,
965 1716 1083 1764 videlicet
1109 1716 1151 1764 cui
1172 1716 1212 1764 rel
1234 1716 1327 1778 quibus
1348 1732 1412 1774 eam,
1434 1733 1494 1767 cum

436 1781 608 1831 Advocscione
620 1781 736 1843 predicte,
749 1781 816 1841 dere,
833 1781 921 1842 legare,
933 1796 977 1830 seu
994 1781 1072 1830 eciam
1083 1781 1207 1844 assignare
1218 1779 1336 1843 voluerit,
1349 1782 1376 1830 in
1388 1782 1442 1831 vita
1452 1783 1493 1832 vel

435 1847 462 1895 in
474 1851 563 1906 morte,
573 1851 659 1894 contra
668 1860 755 1894 omnes
763 1846 881 1894 mortales
890 1845 1113 1905 warantizabimus,
1126 1845 1331 1908 acquietabimus,
1341 1847 1491 1896 etdeiends·

436 1926 493 1960 mus
511 1911 538 1959 in
560 1910 686 1959 futurum.
720 1911 769 1958 Pro
789 1909 843 1970 hac,
861 1915 955 1970 sutem,
973 1911 1117 1969 donacione,
1137 1910 1300 1971 concessione,
1320 1915 1347 1960 et
1368 1912 1492 1974 presentis

438 1975 512 2025 Certe
528 1975 716 2024 confirmacione
733 1975 804 2024 dedit
821 1975 897 2024 michi
913 1975 1041 2038 predictus
1057 1974 1182 2023 Dominus
1199 1976 1324 2024 Waltenrs
1335 1975 1492 2040 Episcopus⁹

436 2039 526 2104 viginti
537 2055 632 2088 merces
644 2039 837 2102 sterlinguorum
846 2038 867 2070 ¹⁰
883 2056 928 2102 pre
938 2039 1055 2088 manibus
1065 2040 1093 2088 in
1103 2039 1306 2102 recognicionem.
1358 2041 1393 2089 lit
1404 2048 1435 2090 ut
1446 2042 1492 2090 hec

436 2121 491 2154 mee
511 2105 614 2154 donsmo
635 2105 706 2152 firma
726 2110 753 2153 ct
763 2105 861 2154 stabilis
879 2110 1024 2168 permoneat
1043 2104 1108 2153 hanc
1125 2119 1208 2153 meam
1225 2105 1328 2154 earnm
1345 2106 1420 2168 sigilli
1442 2107 1492 2154 mei

436 2170 597 2233 impressione
634 2170 763 2229 roboravi3
810 2170 857 2218 hiis
891 2169 1164 2228 Testibus,-Dominis
1201 2169 1310 2218 Henrico
1338 2171 1369 2218 de
1397 2171 1492 2234 Campo

436 2233 536 2284 Amulli
549 2231 582 2292 ;¹¹
607 2234 740 2297 Redulphc
760 2235 792 2283 de
808 2234 953 2293 Arundslle,
978 2234 1094 2283 Johanns
1113 2235 1213 2328 quer,
1230 2234 1368 2294 Milichum
1386 2235 1492 2284 Ricardc

436 2301 467 2348 de
478 2297 591 2362 Hydons,
600 2299 696 2361 Rogerc
709 2299 732 2347 le
747 2300 893 2358 Arcevsslrs,
903 2299 1035 2361 Radulpho
1047 2299 1166 2362 Bysupel,
1179 2296 1189 2327 ¹
1206 2299 1311 2347 Ricardo
1319 2297 1492 2359 tremensi,¹³

437 2365 546 2414 Walters
557 2365 589 2412 de
601 2361 779 2426 Wogewells,¹⁴
791 2365 901 2414 lieberto
910 2364 941 2412 de
948 2362 1131 2426 Troubrigge,¹¹
1142 2369 1170 2412 et
1181 2363 1235 2412 eliis
1246 2379 1253 2423 ;
1270 2361 1300 2413 9¹¹
1310 2364 1437 2426 [Stitched
1453 2365 1492 2428 in]

403 2490 434 2498 —
447 2461 534 2510 Sciunt
544 2465 671 2524 presentes
688 2465 714 2509 et
726 2461 806 2510 futuri
824 2461 893 2523 quod
909 2476 962 2521 ego,
980 2460 1101 2509 Ricardus
1118 2461 1263 2524 Trsmynet,
1280 2465 1307 2509 et
1322 2462 1491 2522 Roeemunda,

436 2543 500 2577 uxor
516 2542 578 2583 meu,
596 2526 758 2575 donacionem
775 2523 883 2576 Domine
902 2526 1032 2589 Elymore,
1051 2525 1158 2575 Domine
1178 2527 1209 2574 de
1229 2525 1373 2585 Melehiwis
1391 2527 1423 2575 dc
1440 2543 1492 2576 uns

436 2608 492 2641 acra
511 2597 578 2641 terre
598 2592 623 2639 in
645 2590 807 2655 Melehywys,
828 2608 886 2640 cum
904 2596 960 2640 mla
978 2591 1150 2639 Advocucione
1170 2591 1278 2639 Ecclesie
1299 2592 1331 2639 de
1349 2591 1491 2651 Charitone,

436 2656 544 2707 Domino
555 2657 674 2715 Wolters,
687 2656 822 2705 Excniensi
834 2657 963 2720 Episcopo,
975 2656 1075 2715 iachim,
1087 2661 1168 2703 rutam
1179 2656 1300 2704 habentes
1316 2657 1490 2718 concessimus,

436 2728 462 2772 et
485 2738 528 2785 pro
552 2722 624 2769 nobis
641 2731 668 2769 et
689 2721 823 2769 heredibus
844 2721 1072 2782 nostris‚quiehrm
1095 2721 1264 2781 clamavimus,
1282 2721 1364 2769 eidem
1381 2722 1491 2771 Domino

436 2788 553 2845 Waltero,
565 2786 747 2834 successoribus
758 2786 810 2835 suis
822 2785 951 2848 Episcopis
963 2785 1154 2842 biliomensibus,
1166 2790 1193 2833 et
1203 2786 1334 2847 assignetis
1345 2786 1438 2848 quibus
1450 2787 1491 2835 vel

435 2853 476 2901 cui
487 2858 579 2899 terram
591 2851 667 2911 illam,
679 2866 737 2898 cum
750 2850 922 2898 Advocacione
933 2850 1053 2913 predicto,
1067 2850 1093 2897 in
1105 2850 1157 2898 vitu
1168 2850 1207 2897 vel
1216 2855 1306 2907 morte,
1321 2850 1389 2908 dare,
1400 2850 1490 2913 legere,

435 2918 474 2965 vel
485 2917 563 2964 eciam
575 2916 699 2977 assignare
712 2915 826 2975 volucrit,
842 2930 870 2963 ac
887 2919 968 2964 totam
979 2915 1021 2977 jus
1037 2919 1065 2961 et
1080 2915 1144 2977 juris
1154 2914 1273 2963 clamium
1284 2916 1353 2977 quod
1364 2916 1390 2963 in
1402 2918 1491 2965 eudem

434 2980 605 3030 Aduccecione
612 2980 746 3028 habuimus
756 2980 793 3027 vel
803 2980 893 3027 habere
901 2979 1151 3043 potuimusvolentcs
1159 2979 1253 3028 dictam
1261 2980 1450 3029 adscensionem
1457 2984 1491 3030 ad

435 3046 573 3110 predictam
584 3050 683 3105 terram,
696 3044 722 3092 in
736 3044 810 3093 Curtu
827 3044 894 3092 dicte
905 3044 1012 3092 Domine
1029 3044 1128 3105 plenius
1144 3060 1292 3102 expressam,
1310 3045 1489 3107 inperpetuum

435 3110 558 3174 pertinere
569 3114 596 3158 et
612 3110 679 3157 dicto
697 3109 805 3157 Domino
822 3110 940 3168 Waltero,
961 3108 1083 3171 Episcopo
1103 3109 1245 3163 Exouiensi
1264 3113 1291 3157 et
1306 3110 1491 3159 successoribus

435 3175 488 3224 suis
505 3174 633 3237 Dpismpis
651 3172 841 3234 Exoniensibus,
859 3175 898 3222 vel
914 3173 1045 3235 nssIgnatis
1063 3174 1204 3231 antedictis,
1225 3174 1279 3222 sine
1290 3174 1491 3223 contradiccione

435 3244 520 3289 nostra
531 3239 570 3287 vel
585 3238 707 3287 heredum
724 3244 874 3297 nostrorum,
892 3254 1026 3286 remanere.
1062 3238 1136 3297 Quod
1146 3244 1178 3287 ut
1193 3243 1276 3287 ratum
1293 3245 1320 3287 et
1335 3239 1425 3287 stabile
1435 3255 1491 3301 per·

434 3308 536 3353 maneat
561 3304 725 3366 inposterum,
748 3308 889 3365 presentem
917 3301 1018 3351 Curtm
1046 3308 1158 3350 nostram
1185 3303 1324 3365 sigillorum
1345 3308 1491 3353 nostrerum

434 3366 872 3497 tttlt‘ttlttlthll
894 3367 1309 3494 &hildmeri-till?
1330 3368 1492 3483 tnttfflt

435 3470 552 3562 nyseus}
566 3498 662 3560 rogero
679 3498 701 3545 ιε
719 3470 872 3555 umere,
882 3497 990 3545 unulfo
1007 3448 1254 3559 maptlr'wuem
1273 3469 1305 3545 ue?
1322 3498 1492 3560 woggewille,

434 3563 544 3613 Robsrto
555 3564 586 3611 de
598 3562 757 3623 Troubrigge,
769 3566 796 3609 et
807 3562 876 3616 sliis;
896 3564 944 3610 85⁰.
979 3561 1106 3621 [Stitched
1117 3558 1162 3624 in].

401 3627 526 3677 Bndcrsed
538 3628 594 3713 2—‘;
602 3627 678 3676 Curta
706 3627 829 3690 Elyunore
857 3628 889 3675 de
912 3625 1042 3688 Melhywis
1069 3626 1101 3674 de
1131 3626 1300 3675 Advocacioue
1324 3626 1433 3676 Ecclesie
1458 3628 1493 3677 de

434 3689 585 3742 Cheritone.¹

336 3789 578 3877 Ohippestaple,
594 3788 739 3854 Richard
753 3788 802 3864 de,
818 3810 867 3853 sce
882 3788 1088 3854 Thorverton
1104 3788 1240 3871 (lust.);
1264 3790 1313 3853 29.

335 3955 344 3987 ¹
362 3957 493 4021 Elpenore,
505 3956 613 4005 Domina
625 3956 656 4003 de
668 3955 830 4006 Melchiwish
954 3952 965 3984 ¹
982 3956 1200 4017 Episcopus-om.

335 4020 432 4085 'liget

939 4016 959 4048 ¹⁰
975 4020 1051 4068 libras
1063 4020 1247 4083 sterlingorum.

335 4084 346 4118 ¹
363 4085 532 4148 Melchiwysh.
938 4082 957 4112 ¹¹
975 4085 1107 4147 Aruulphi

334 4150 345 4181 ⁴
362 4150 608 4200 Gornwelshsstrste.
938 4146 958 4179 ¹¹
974 4150 1092 4212 Beoupel.

335 4214 346 4246 ¹
362 4214 488 4263 heredibus
499 4216 551 4263 suis
563 4220 589 4263 et
600 4214 737 4277 resignatis.
938 4210 959 4242 ¹⁸
974 4214 1117 4276 'I'remynet

335 4280 346 4375 ξ
364 4281 493 4355 Elycnpru.
935 4274 957 4373 ξι*
974 4279 1147 4354 Woggewelle.

363 4343 531 4407 Melehrwysh.
972 4344 1117 4409 Trubrrgge.

335 4406 347 4440 ⁸
362 4408 494 4462 mcum.
