3242 5100
362 511 434 583 446
815 529 1030 585 ΑΡΡΕΝΒΙΧ.

421 687 540 735 videntur
555 700 571 734 a
587 683 682 734 multis
717 685 883 748 Quamquam,
900 692 993 748 autam,
1011 687 1158 750 hujusmodi
1173 687 1285 738 Sathsne
1300 687 1428 748 satellites,
1445 701 1501 736 con·

422 755 510 800 vocato
532 749 719 813 quampluries
738 749 803 798 clero
825 757 852 799 et
873 751 966 814 populo
988 759 1072 801 nostre
1098 753 1213 802 Civitatis
1234 753 1262 802 in
1284 753 1395 802 Ecclesia
1416 757 1500 801 nostra

424 814 567 866 Gathedrsli
590 815 732 875 Exoniensi,
751 815 819 878 ipsos
839 822 894 864 tum
921 831 937 865 a
964 817 1155 880 participacione
1181 817 1400 867 Sauamerrtcrum
1426 831 1502 882 qnam

424 880 607 932 communione
627 879 751 928 Fidelium
779 886 929 944 separantes,
958 897 1015 930 cnm
1044 898 1132 932 eorum
1158 882 1328 946 eomplicibus,
1353 883 1501 940 inmunis.

423 945 571 1004 fautoribus,
592 944 731 1004 consilinm,
749 945 879 1006 auxilium,
903 962 984 1009 opem,
1007 948 1127 1008 favorem,
1151 948 1190 996 vel
1211 963 1349 1008 namneum,
1367 948 1442 997 verbo
1463 947 1502 995 sel

422 1013 496 1071 facto,
522 1010 586 1058 olem
608 1009 646 1058 vel
672 1010 762 1073 palam,
779 1010 959 1072 prestantibus,
977 1026 1006 1059 ac
1025 1012 1152 1075 quoslibet
1173 1017 1340 1075 receptatores
1366 1012 1502 1061 eomndem

421 1077 535 1134 menter,
547 1089 665 1123 mucrone
675 1075 852 1123 Anathematis
862 1077 1062 1138 percusserimus,
1075 1077 1206 1126 mittentes
1215 1093 1258 1125 eos
1272 1078 1300 1126 in
1314 1077 1398 1140 ignem
1409 1075 1499 1125 Jehen·

422 1144 511 1202 nalem,
528 1141 629 1199 ibidem,
652 1139 701 1188 nisi
723 1139 859 1202 peniteant,
876 1141 1020 1189 eternaliter
1041 1142 1200 1200 cruciandos;
1223 1142 1387 1206 nicquetum
1408 1147 1499 1202 nosne,

422 1222 499 1271 quam
510 1205 589 1254 eciam
600 1220 616 1253 a
627 1205 727 1254 Oenone
738 1204 788 1254 late
802 1205 941 1264 Sentencie,
956 1206 983 1253 in
997 1206 1145 1269 hujusmodi
1160 1206 1207 1255 Dei
1217 1212 1245 1255 et
1260 1207 1369 1256 Ecclesia
1379 1206 1498 1262 inimicos,

421 1287 498 1338 qnam
515 1274 614 1319 constat
628 1285 670 1318 eos
685 1269 739 1332 ipso
754 1269 821 1318 iacto
836 1270 1030 1333 dampnabiliter
1048 1271 1188 1331 incurrisse,
1204 1272 1393 1320 Pontifioalibns
1407 1272 1498 1332 induli,

422 1353 481 1389 cnm
497 1335 673 1398 solempnitate
688 1350 739 1396 qus
755 1334 848 1394 decuit,
859 1335 1100 1394 denunciaverimua,
1116 1343 1143 1385 et
1159 1336 1337 1386 nichilominus
1352 1337 1379 1385 in
1395 1336 1499 1399 singulis

422 1401 538 1452 Ecoleaiis
549 1406 634 1448 nostre
651 1399 768 1448 Civitatis
784 1404 811 1449 et
828 1400 953 1463 Dyocesis,
964 1401 1070 1463 singulis
1086 1401 1181 1450 Diebus
1199 1401 1336 1451 Dominicis
1347 1407 1375 1451 et
1386 1400 1499 1462 Festisis,

421 1467 530 1518 candelis
553 1463 667 1524 accensis,
693 1468 720 1513 et
744 1464 850 1526 pulsatis
874 1465 1001 1528 campanis
1030 1466 1131 1514 eosdem
1155 1467 1285 1529 sacrilegos
1309 1482 1354 1530 per
1379 1467 1499 1515 locorum

422 1532 576 1596 capellanos,
592 1530 659 1578 intra
674 1529 805 1577 hliasarum
823 1530 972 1592 solempnis,
984 1545 1043 1579 cum
1057 1530 1139 1594 major
1149 1532 1236 1580 aderat
1250 1532 1337 1594 populi
1352 1531 1499 1587 multitudo,

420 1596 564 1646 denunciari
575 1594 707 1643 fecerimus
718 1593 818 1658 publice
829 1599 855 1642 et
865 1595 1028 1656 solempniter
1038 1595 1173 1658 subjacere,
1184 1597 1259 1659 juxte
1269 1597 1418 1645 incumbens
1428 1596 1498 1644 nobis

421 1660 554 1712 Pastornlis
571 1659 744 1708 sollicitudinis
761 1659 870 1707 officium
886 1659 1037 1722 requirebat,
1055 1660 1134 1709 donec
1149 1661 1182 1710 nd
1199 1677 1242 1709 cor
1262 1661 1403 1720 redeuntes,
1420 1667 1448 1708 et
1468 1661 1499 1709 de

419 1725 556 1777 commissis
573 1723 739 1788 penitenciam
762 1725 911 1787 condignam
926 1729 1028 1787 agentes
1044 1725 1072 1774 in
1087 1726 1169 1774 forms
1184 1725 1248 1788 iuris
1264 1726 1412 1775 beneficium
1428 1725 1497 1774 abso·

420 1792 523 1842 lucionis
545 1791 685 1838 meruerint
705 1789 825 1851 optinere.
858 1789 930 1849 Quin,
952 1795 1045 1849 tamen
1067 1790 1147 1852 ipsius
1168 1787 1276 1839 sceleris¹
1297 1796 1419 1850 suctores,
1441 1805 1498 1839 mim

419 1857 581 1922 participibus
597 1854 656 1913 suis,
673 1855 705 1902 de
721 1853 825 1902 diversis
843 1854 987 1902 Diooesibns
1003 1855 1110 1904 existere
1131 1855 1306 1904 creditur-nt
1322 1856 1388 1904 fama
1399 1855 1498 1918 puplioe

420 1921 556 1984 vulgariter
571 1919 869 1982 opinatus—eommunis
885 1917 1012 1968 hortetur⁸
1028 1919 1125 1968 utilitas
1141 1925 1173 1968 ut
1189 1925 1260 1969 tante
1275 1920 1403 1969 demencie
1419 1920 1499 1968 rabies

418 1989 445 2036 in
456 1986 560 2035 diversis
572 1985 725 2048 Dyocesibus
736 1990 763 2032 et
773 1984 833 2032 locis
848 1984 953 2046 publicis
972 1985 1071 2046 publice
1086 1990 1217 2044 arceatur;
1233 2001 1272 2044 ne,
1284 1985 1369 2048 igitur,
1380 1985 1500 2048 premissa

419 2053 535 2108 faenore,
546 2053 659 2112 qne-ut
669 2048 874 2098 constat-clero
885 2054 911 2097 et
923 2049 1031 2098 Ecclesia
1041 2049 1181 2099 Universeli
1192 2050 1351 2098 manifestam
1358 2050 1501 2098 intulerunt

419 2117 546 2180 injuriam,
566 2114 711 2163 scandalum
731 2113 825 2176 pariter
846 2118 873 2162 et
889 2114 1015 2174 offensam,
1032 2118 1060 2162 et
1081 2115 1130 2163 snb
1149 2115 1358 2174 dissimulacmne,
1369 2120 1499 2164 transemn

419 2182 543 2246 inpunite,
565 2194 624 2228 oum
646 2178 770 2227 laudabile
792 2179 827 2227 sit
848 2176 956 2227 cunctis³
977 2179 1057 2227 factas
1083 2185 1180 2228 atroces
1206 2179 1377 2229 sacerdotibus
1403 2185 1431 2228 et
1452 2179 1500 2228 Dei

419 2247 541 2297 Ministris
550 2245 628 2293 veluti
639 2244 769 2306 publicum
780 2243 874 2291 crimen
885 2244 1008 2306 persequi,
1019 2259 1048 2292 ac
1058 2245 1090 2292 de
1101 2244 1194 2292 talibus
1204 2245 1254 2294 reis
1264 2244 1388 2293 ulcionem
1399 2245 1498 2306 mereri,

417 2313 503 2372 eciam,
513 2311 587 2375 juxta
600 2309 724 2372 legitimas
739 2309 887 2368 amasiones,
903 2308 987 2371 sitque
1001 2309 1246 2372 insurgendumtoto
1262 2310 1392 2358 conamine
1408 2315 1496 2357 contra

418 2375 565 2440 hujusmodi
576 2378 768 2437 presumptores,
779 2374 912 2436 rie-quod
924 2373 1076 2422 absit-tam
1091 2374 1240 2422 detestanda
1256 2375 1403 2438 paternitas
1414 2374 1500 2422 debite

417 2441 575 2492 correctionis
590 2448 681 2502 penam
693 2437 819 2486 evadatin
835 2443 920 2486 totum
931 2455 937 2499 ;
948 2439 1124 2487 committendi
1138 2438 1283 2499 consimilia,
1297 2439 1418 2498 selamin
1427 2439 1499 2487 vobis

417 2507 548 2557 commissa
565 2503 678 2569 Dyocesi,
689 2502 715 2553 in
732 2507 862 2567 posterum
878 2503 1049 2553 consimilibus
1064 2504 1281 2567 presumptoribus
1297 2504 1401 2568 prebeat
1415 2504 1498 2553 ineen-

418 2573 499 2623 tivum
512 2587 519 2631 ;
536 2571 567 2620 ad
580 2569 727 2619 llileccionis
739 2574 822 2617 vestre
832 2568 1023 2631 plenitudinem,
1037 2573 1167 2632 tamquam
1184 2570 1217 2617 sd
1231 2576 1360 2632 speratum
1370 2569 1499 2632 refugium

417 2637 597 2700 confugientes,
615 2635 661 2683 huc
677 2634 738 2695 sice
753 2650 798 2682 vos
812 2647 844 2682 ex
861 2634 1032 2682 vicissstudine
1047 2634 1157 2683 caritatis
1174 2639 1271 2693 mutue,
1288 2650 1346 2685 cum
1363 2634 1501 2697 omniqua

416 2702 541 2767 possimus
551 2700 681 2749 affeecione
692 2698 789 2812 msfiq'pri,
801 2698 931 2747 humiliter
941 2698 1093 2761 requirimus
1108 2705 1136 2748 et
1152 2714 1268 2761 rogemus
1279 2700 1400 2762 quatinus
1411 2705 1499 2748 eontra

416 2772 554 2831 sepetsetos
564 2764 705 2828 iniqnitatis
745 2763 787 2820 'os‚
798 2763 903 2811 hnmani
913 2764 1010 2825 generis
1018 2764 1138 2823 inimicos,
1149 2768 1202 2812 tam
1210 2764 1377 2827 horrendique
1387 2762 1496 2812 aeeclesia¹

414 2836 601 2897 presumptores
616 2829 755 2891 nepharios,
766 2828 962 2891 eorumdemque
978 2829 1117 2891 complices,
1129 2834 1251 2886 suctores,
1263 2834 1311 2878 ete
1329 2834 1360 2877 ut
1373 2844 1457 2891 supra,
1468 2843 1498 2876 ac

416 2899 522 2947 amenter
537 2899 703 2958 receptatores
719 2893 864 2952 eorundem,
880 2893 907 2941 in
925 2892 1034 2941 Ecclemn
1056 2894 1206 2953 Saramensi,
1223 2908 1321 2942 necnon
1342 2900 1370 2943 st
1390 2893 1498 2955 singulis

415 2962 532 3012 Ecclesiis
557 2958 771 3019 conventualibus
790 2963 817 3007 et
837 2958 1021 3006 parochialibus
1043 2957 1159 3021 ejusdem
1182 2957 1299 3007 Civitatis
1321 2960 1347 3006 et
1370 2958 1498 3021 Dyoeesiq

415 3026 568 3077 celebrandis
579 3041 624 3089 per
634 3038 685 3084 vos,
695 3023 825 3082 officiales,
832 3028 859 3071 et
866 3022 1059 3071 archidiaconos
1072 3024 1201 3084 Locorum,
1210 3038 1348 3086 eommqne
1359 3023 1497 3081 munus,

414 3092 499 3142 debite
520 3088 680 3140 correcoionis
703 3103 815 3143 manum.
838 3092 979 3136 nostrarum
1002 3103 1105 3150 precum
1127 3093 1154 3136 et
1174 3087 1267 3136 amoris
1290 3087 1395 3148 intuitu,
1412 3088 1497 3136 velitis

414 3172 544 3221 apponere,
556 3156 631 3219 juxta
641 3155 749 3203 formam
763 3153 862 3202 anobis
876 3152 991 3215 superius
1005 3153 1168 3201 observatam
1206 3153 1319 3215 Dignum
1329 3157 1377 3213 est,
1392 3152 1497 3208 etenim.

413 3228 445 3272 ut
466 3237 529 3285 quos
549 3220 596 3269 Dei
617 3219 694 3268 timor
715 3234 730 3266 a
753 3218 818 3266 malo
840 3232 891 3266 non
907 3217 1061 3280 compescuit
1082 3217 1254 3266 Ecclesiastico
1270 3216 1360 3281 puniat
1375 3217 1497 3266 severitas

414 3287 550 3349 Discipline
562 3301 568 3344 3
584 3289 611 3333 et
622 3299 685 3347 quoe
696 3283 830 3345 utriusqus
846 3282 863 3331 J
865 3282 916 3330 uris
931 3282 1044 3344 gladium
1060 3282 1168 3345 perimit,
1179 3282 1215 3330 eis
1225 3297 1277 3331 non
1287 3287 1374 3345 parcat
1383 3281 1496 3330 officium

413 3351 586 3402 ministrantis.
620 3350 731 3397 Tantum
747 3346 892 3409 superbiis,
910 3347 931 3395 si
947 3346 1092 3409 complacet,
1108 3346 1204 3396 mustis
1220 3352 1259 3407 ut,
1275 3362 1321 3410 pro
1335 3351 1408 3396 tanto
1423 3344 1498 3395 Jnris

412 3416 558 3473 ministerio,
577 3419 689 3463 vestrm
707 3413 735 3461 in
753 3411 862 3476 presenti
877 3412 1006 3471 meritum,
1016 3411 1043 3459 in
1059 3412 1199 3475 futuroque
1216 3412 1338 3475 gaudium
1352 3417 1497 3475 sugestum

413 3482 484 3532 vobis
503 3496 548 3543 pro
565 3484 638 3529 tanto
653 3478 780 3538 beneficio,
791 3478 824 3526 ad
842 3480 925 3525 vestra
942 3476 1103 3539 beneplacita,
1115 3482 1143 3525 et
1158 3476 1185 3526 in
1201 3476 1346 3539 majoribus,
1357 3492 1389 3525 ex
1403 3481 1498 3524 mnure

412 3545 554 3597 dileccionis
570 3544 719 3604 sinceritate,
734 3542 767 3590 de
782 3546 865 3591 cetero
881 3541 974 3590 fortius
990 3541 1165 3605 astringamur.
1201 3542 1340 3592 Conservet
1354 3556 1399 3589 vos
1416 3540 1498 3590 Altis·

411 3612 491 3663 simus
501 3626 547 3675 per
554 3614 668 3673 tempore
678 3607 946 3667 diuturna-Datum,
958 3607 1023 3656 etc''

440 3775 495 3825 'I'he
505 3774 632 3836 following
643 3773 769 3831 Extracts,
780 3770 821 3819 ior
831 3769 913 3819 which
928 3770 941 3818 I
954 3784 996 3818 am
1011 3769 1133 3818 indebted
1144 3774 1172 3819 to
1183 3769 1230 3818 ldr.
1242 3766 1370 3831 Baigent’a
1382 3764 1498 3831 iriendly

409 3841 484 3899 hand,
496 3855 538 3888 are
548 3836 713 3901 noteworthy.
747 3836 818 3897 They
829 3834 901 3895 refer,
909 3834 1007 3897 chiefly,
1014 3839 1042 3884 to
1054 3835 1155 3898 Pyoot's
1166 3834 1315 3892 conviction,
1326 3832 1377 3881 and
1388 3848 1431 3881 are
1441 3832 1496 3881 also

408 3904 558 3956 illustrative
573 3904 601 3951 oi
621 3902 721 3951 Entries
737 3900 764 3949 in
785 3900 848 3949 both
868 3900 1069 3948 Bronesoombe'e
1087 3900 1139 3948 and
1158 3897 1265 3959 Quivil's
1282 3898 1453 3960 Regirterst-

442 3970 478 4031 (1)
496 3970 542 4018 “E
562 3967 648 4017 Rutulo
672 3966 845 4027 Originalium,
863 3966 935 4012 Anno
953 3962 995 4012 12⁰
1010 3964 1076 4013 Edu.
1095 3964 1115 4013 L
1134 3964 1200 4024 (Rot
1220 3963 1438 4024 8)‚—hiandatnm
1454 3966 1498 4009 ent

408 4036 528 4097 Magistro
541 4033 649 4082 Henrico
660 4032 692 4080 de
703 4032 776 4093 Bray,
789 4029 916 4079 Esesetori
927 4030 991 4078 citra
1006 4030 1134 4089 Tmntnm,
1145 4029 1214 4092 quod
1231 4028 1373 4077 Manerium
1384 4027 1416 4075 de
1427 4027 1497 4089 Otry

407 4103 499 4150 Sancte
522 4098 607 4158 Muris,
629 4096 698 4160 quod
726 4094 824 4144 racione
851 4094 940 4143 mortis
967 4093 1081 4156 Magistri
1097 4094 1202 4142 Walteri
1229 4094 1261 4142 de
1284 4092 1430 4151 [eechladq
1447 4092 1497 4153 qni

407 4165 547 4215 Manes-inm
563 4163 628 4212 illud
645 4178 675 4211 ex
694 4159 875 4210 commissione
891 4155 987 4208 Deeani
1003 4164 1030 4207 et
1047 4158 1158 4221 Capituli
1175 4158 1284 4207 Ecclesia
1302 4159 1498 4220 Rotomsgenms

402 4417 412 4450 ²
428 4418 519 4479 celeris,
532 4416 585 4467 MS.
814 4412 826 4445 ⁸
841 4417 934 4475 oratur,
946 4412 999 4463 ΜΒ.
1239 4410 1250 4443 ⁸
1265 4411 1357 4472 cuntis,
1369 4410 1425 4461 HS.
