3242 5100
607 522 881 580 memnonem.
1250 501 1322 576 337

269 681 310 730 rel
329 679 504 731 Gcmmiflmio
523 685 617 739 nosh'c,
634 680 709 731 dictis
727 679 769 730 die
790 684 818 730 et
839 679 900 741 loco,
919 683 1033 729 constare
1049 677 1146 729 laedatis
1227 677 1323 728 literas

269 750 365 795 reeh-ss
379 746 507 806 Potentes,
523 746 614 795 harum
627 745 716 795 seriem
731 744 1027 794 continentes—Datum
1041 745 1110 807 apud
1126 693 1321 806 Hciddgeburne

269 821 335 860 nono
348 810 474 860 Kalendas
485 810 586 874 Aprilis,
600 811 676 861 Anno
691 810 795 860 Domini
809 810 849 859 Mo
866 808 922 860 000
931 809 1006 858 lm⁰
1016 808 1173 859 tercio-On
1186 808 1225 858 ste
1235 808 1293 858 beck
1302 811 1325 858 is

269 875 364 926 mium
373 875 422 925 ua
432 876 627 926 rosmundam
644 875 817 940 “Respoamm,
831 874 899 938 apud
910 873 1064 924 Ambreshiri
1075 873 1101 938 vj
1115 874 1177 924 idus
1188 873 1306 938 Aprilis.”

132 936 138 944 ’
172 955 342 1032 Emeum,
364 955 499 1022 Rectors
513 955 602 1034 of,-

236 1057 555 1175 Plclilgodcigsswcdetosc
565 1059 592 1121 (“
599 1059 632 1110 de
639 1059 823 1110 Harwedetcne
832 1058 967 1123 ’'-chist
977 1057 1160 1121 flemme),
1171 1058 1286 1122 resigned
1296 1057 1325 1109 in

353 1139 386 1174 an

238 1161 430 1252 nner'mpu
446 1189 477 1240 a
492 1188 616 1253 nyssae,
631 1205 683 1240 m
698 1189 825 1240 umine
844 1191 860 1240 e
878 1189 938 1240 nee
960 1189 987 1238 n
1006 1188 1064 1238 rme
1080 1202 1154 1253 yon
1172 1189 1266 1239 rum
1282 1187 1324 1239 eir

270 1253 383 1368 ἔξω]
393 1255 426 1304 de
436 1254 555 1314 Bikebiri,
565 1255 628 1306 Knt.
638 1268 645 1314 ;
664 1252 726 1307 128b
737 1254 790 1317 (uu
801 1255 818 1282 “
826 1254 973 1306 Additicnal
981 1253 1060 1304 Notas
1068 1253 1082 1276 ”
1094 1258 1122 1304 tc
1132 1254 1184 1304 this
1192 1253 1324 1318 Register),

240 1382 368 1433 Universis
384 1383 478 1435 Sancte
492 1384 582 1435 hishis
598 1385 707 1436 Ecclesia
725 1384 791 1447 filiis,
805 1385 839 1434 sd
855 1399 964 1448 quorum
980 1383 1099 1434 noticiam
1113 1399 1214 1448 presens
1233 1383 1326 1446 Pagina

272 1449 421 1512 pervenerit,
449 1450 548 1511 Petrus,
569 1451 731 1500 miseracione
752 1450 845 1500 Divina
867 1449 1014 1499 Exoniensis
1041 1447 1187 1514 Episcopus,
1217 1448 1326 1498 salutem

272 1518 386 1563 eternam
401 1515 428 1564 in
444 1513 701 1566 Domino-Noverit
716 1515 873 1566 Universitas
889 1519 972 1564 vestra
982 1513 1059 1577 quod,
1070 1529 1129 1564 cum
1146 1513 1278 1577 Philippus
1294 1514 1327 1562 de

273 1579 464 1641 Harwodetcna
475 1579 610 1643 aliquando
621 1581 712 1630 Rector
723 1580 831 1630 Ecclesia
839 1580 871 1630 de
879 1578 1009 1640 Bielrebiri‚
1017 1579 1069 1628 suis
1078 1579 1169 1628 litteris
1178 1578 1327 1628 Patentibus

274 1643 346 1692 nobis
361 1644 512 1707 signiticaret
527 1645 596 1709 quod
612 1649 654 1694 tot
663 1650 718 1694 erat
728 1645 823 1694 morbis
833 1645 965 1708 depressus
975 1644 1095 1708 senioque
1105 1643 1247 1694 contractus
1258 1644 1327 1707 quod

273 1708 353 1758 sensit
374 1724 401 1758 se
420 1709 523 1758 omnino
543 1710 736 1760 insufficientem
757 1710 790 1759 ad
817 1710 928 1772 regimen
954 1709 1095 1758 animarum
1117 1707 1327 1758 Parochianorum

274 1773 384 1822 Ecclesie
400 1774 533 1836 antedicta,
545 1779 635 1838 sponte
645 1791 708 1838 pure
718 1779 745 1823 et
755 1775 869 1824 absolute
886 1773 979 1822 eisdem
997 1774 1087 1822 literis
1098 1772 1235 1822 Paecleeim
1246 1773 1326 1836 ipeam

274 1837 300 1886 iu
319 1853 410 1887 manus
428 1843 527 1889 ncsbas
548 1840 695 1902 resignans;
719 1855 749 1889 ac
767 1839 908 1889 Willelmus
927 1838 959 1887 de
978 1838 1096 1896 Bikebiri,
1114 1838 1194 1899 Miles,
1214 1839 1328 1900 ejusdem

275 1901 384 1952 Ecclesia
400 1918 474 1953 verus
489 1904 621 1964 Patronus,
635 1904 787 1968 lipgislrum
799 1902 964 1966 Redulphum
974 1903 1006 1952 de
1017 1903 1136 1967 Bykebiri
1146 1901 1218 1953 nobie
1229 1918 1328 1966 presan·

275 1971 342 2016 taret
357 1968 391 2017 ad
404 1969 527 2025 eandem
550 1968 667 2032 iactaque
681 1969 741 2019 inde
766 1969 941 2032 inquisicione,
957 1972 988 2018 nt
1002 1969 1096 2028 decuit,
1115 1967 1248 2032 diligenti;
1270 1966 1330 2016 lieet

275 2032 409 2096 inquisicio
419 2034 570 2097 supradictis
580 2034 671 2084 literis
681 2034 760 2098 ipsius
771 2033 881 2097 Philippi
891 2033 952 2082 satis
962 2033 1122 2082 concordaret
1133 2049 1140 2092 ;
1157 2032 1223 2096 quia,
1235 2035 1328 2094 tamem

275 2111 346 2146 senes
368 2104 553 2148 consueverunt
576 2099 711 2162 aliquando
732 2100 760 2148 in
781 2099 856 2148 iactis
877 2098 929 2148 suis
950 2097 1079 2148 instabiles
1101 2113 1155 2147 esse
1176 2097 1328 2159 vacillantes,

275 2162 384 2212 eundem
401 2163 547 2227 Philippum
564 2164 670 2213 fecimus
688 2179 733 2228 per
751 2164 903 2227 Magistrum
924 2162 1007 2213 David
1024 2163 1057 2212 de
1073 2162 1191 2225 lioltone,
1211 2162 1329 2211 clericum

275 2231 399 2284 noenum,
407 2229 570 2290 personaliter
578 2229 725 2288 examinari;
741 2228 967 2292 queminpristina
981 2228 1112 2278 voluntate
1128 2231 1329 2291 perseverantem

203 2325 205 2328 -
274 2291 404 2342 inveniens
413 2293 484 2342 nobis
495 2295 542 2342 hoe
552 2293 605 2344 suis
616 2294 707 2344 literis
716 2293 872 2356 significavit.
902 2293 1029 2354 (letarum,
1044 2293 1104 2356 quis
1114 2308 1189 2356 super
1200 2292 1330 2342 debilitate

274 2372 303 2405 ae
323 2356 475 2420 impotencia
496 2358 575 2421 ipsius
596 2359 690 2422 pietate
711 2374 803 2422 magna
824 2362 1038 2408 commutarunt
1064 2357 1157 2407 viscere
1178 2362 1270 2418 nostra,
1299 2361 1331 2406 ut

274 2421 400 2484 impotens
421 2437 471 2471 non
494 2423 626 2484 mendicet,
643 2424 676 2473 ad
694 2424 832 2473 mamertem
854 2423 1006 2472 Peticiousm
1023 2421 1103 2486 ipsius
1122 2423 1232 2482 Patroni,
1249 2427 1276 2471 et
1297 2423 1330 2471 ds

275 2501 391 2549 exprme
401 2502 522 2536 consensu
533 2488 682 2549 Presentati,
688 2489 720 2538 de
731 2503 861 2547 consensu,
872 2487 958 2548 eciam,
965 2487 1043 2551 ipsius
1054 2487 1137 2551 Philip
1155 2488 1170 2548 i,
1180 2487 1329 2536 Potentibus

276 2552 368 2601 Litoris
383 2553 520 2602 eorundem
534 2554 606 2603 nobis
622 2554 682 2604 inde
697 2554 825 2612 coniectis,
837 2553 953 2617 diligenti
967 2569 1042 2617 super
1052 2552 1100 2602 hoc
1110 2504 1326 2613 indiminutam,

276 2617 437 2667 consideratis
452 2619 635 2681 universisque
649 2619 676 2668 iu
691 2619 739 2669 hac
755 2624 827 2681 parte
844 2618 946 2668 inerant
959 2618 1144 2677 consideranda,
1156 2618 1243 2667 habita
1254 2633 1330 2680 super

276 2681 323 2730 hoc
339 2681 518 2732 deliberacione
535 2684 647 2761 pleniori,
662 2684 795 2734 accedente
808 2684 841 2732 ad
856 2683 903 2733 hoc
918 2696 1034 2745 expresso
1053 2698 1174 2731 consensu
1190 2683 1284 2732 Decani
1303 2686 1330 2732 et

278 2746 390 2809 Capituli
409 2747 562 2808 Exoniensrs,
582 2748 649 2797 inter
674 2748 800 2811 predictos
819 2748 965 2811 Philippum
982 2752 1009 2797 et
1028 2748 1191 2810 Radulphum
1210 2748 1329 2796 duximus

276 2811 445 2861 ordinandum
459 2813 487 2861 in
503 2813 572 2861 hunc
584 2814 706 2869 modum;
729 2813 852 2872 videlicet,
871 2814 940 2876 quod
957 2812 1025 2861 idem
1044 2812 1163 2875 Magister
1180 2812 1329 2875 Radulphue

276 2876 428 2925 admittatur
435 2878 527 2926 Recter
536 2880 569 2927 ad
580 2878 716 2927 Ecclesiam
727 2878 865 2941 predictam
876 2876 1042 2941 deBylrebir-i,
1051 2881 1143 2925 etcum
1154 2876 1330 2940 subdyaconus

277 2940 408 2990 ordinatus
426 2942 512 3002 inerit,
524 2957 584 2991 cura
599 2942 740 2992 animarum
758 2942 806 2991 sibi
825 2957 883 2991 cum
906 2942 1072 2991 institucione
1089 2942 1206 2991 canonica
1226 2942 1329 2991 commi·

276 3010 356 3066 tatur,
367 3006 482 3055 mistodia
491 3012 519 3056 st
528 3008 681 3071 possessione
697 3007 813 3070 ejusdem
827 3006 936 3056 Eeeleaie
952 3008 984 3055 de
999 3006 1081 3069 gracia
1096 3012 1181 3056 nostra
1192 3007 1261 3069 apud
1270 3022 1330 3056 eum

277 3085 358 3133 usque
369 3071 402 3119 ad
412 3071 538 3133 proximos
555 3072 661 3121 Ordines
677 3077 828 3121 remanente.
874 3072 1033 3131 Οιάίιιιιιιιιι,
1044 3072 1154 3134 insuper,
1165 3072 1234 3135 quod
1245 3086 1330 3134 strper-

277 3140 432 3185 memorstus
447 3135 580 3200 Philippus
596 3137 687 3186 habeat
708 3137 847 3197 annuatim,
867 3137 950 3199 quoad
961 3136 1059 3195 vixerit,
1078 3136 1179 3185 nomine
1190 3136 1255 3199 puri,
1271 3136 1330 3185 sim·

276 3198 354 3262 plicis,
375 3203 404 3249 et
417 3201 533 3263 perpetui
550 3201 674 3262 Beneficii,
692 3202 724 3251 de
742 3200 815 3251 bonis
837 3202 951 3264 ejusdem
970 3201 1086 3261 Ficolesie,
1103 3201 1193 3265 viginti
1211 3206 1332 3251 mercams

277 3264 431 3313 decimarum
448 3266 589 3328 garbarum,
604 3266 698 3315 scilicet
716 3282 802 3315 omnes
820 3266 927 3329 majores
945 3266 1053 3315 decimas
1064 3266 1095 3315 de
1112 3265 1136 3314 la
1154 3262 1332 3327 Commune}

277 3328 310 3377 de
325 3329 350 3377 la
364 3328 489 3391 werthe
504 3331 537 3380 de
553 3331 740 3392 Seuthestone‚³
756 3332 789 3380 de
804 3328 970 3389 Tuffelonde,⁴
986 3335 1012 3379 et
1028 3331 1060 3378 de
1077 3330 1277 3391 Nettedowena⁸
1289 3346 1333 3393 per

279 3393 388 3443 eundern
399 3391 554 3457 Philippum,
566 3395 606 3445 vel
621 3396 810 3446 Procrrmtorem
827 3410 903 3445 suum
914 3411 1098 3459 quemcumque
1109 3396 1237 3473 ydoneum
1247 3396 1274 3444 in
1285 3396 1332 3444 bac

279 3462 351 3521 parte
363 3460 523 3522 ordinaverit,
537 3460 713 3524 percipiendas,
725 3466 752 3509 et
766 3460 792 3510 in
810 3476 871 3510 neus
882 3460 995 3523 ejusdem
1010 3460 1127 3523 Philippi,
1138 3462 1221 3523 quoad
1233 3460 1331 3519 vixerit,

280 3524 467 3584 convertendas,
481 3526 537 3575 sine
551 3526 621 3574 omni
635 3541 695 3575 cura
710 3531 737 3575 ct
752 3540 827 3574 onere
842 3525 971 3574 ordinario.
1014 3525 1079 3587 Ipso,
1093 3539 1158 3584 vero,
1173 3525 1239 3574 Phili
1257 3540 1289 3587 po
1305 3526 1331 3574 in

281 3587 334 3636 lata
356 3590 500 3649 decedente,
524 3590 642 3639 volumus
664 3596 691 3640 et
712 3590 857 3639 ordinamus
881 3590 949 3653 quod
972 3590 1059 3638 Porcio
1080 3590 1195 3653 ejusdem
1223 3541 1306 3653 Pirilip
1324 3590 1333 3639 i

279 3653 312 3701 ad
331 3653 474 3715 predictum
495 3655 645 3719 Magistrum
667 3655 838 3717 deulphum,
860 3654 900 3703 vel
920 3654 964 3717 qui
983 3658 1044 3703 tunc
1066 3655 1157 3703 ltector
1175 3606 1323 3703 Ecclesied

281 3717 400 3781 Bykebiri
417 3717 503 3780 iuen't,
519 3720 603 3780 libere,
616 3720 759 3769 inconsulto
775 3724 802 3768 et
816 3718 958 3782 irrequisito
977 3719 1098 3782 quolibet,
1119 3720 1334 3769 revertatur-In

280 3781 355 3845 cujus
376 3782 414 3831 rei
435 3784 609 3833 testimoninm
631 3800 732 3847 presens
757 3784 887 3847 Scriptum
903 3784 1043 3833 munimine
1066 3784 1140 3847 sigilli
1161 3785 1241 3833 nostri
1263 3784 1334 3833 robo-

282 3847 410 3905 ravimus;
428 3852 462 3909 et,
476 3849 509 3898 ad
521 3849 643 3912 majorem
659 3850 731 3899 nobie
745 3849 822 3898 iidem
839 3849 898 3898 inde
915 3848 1061 3909 iaciendum,
1073 3848 1183 3911 sigillum
1200 3849 1294 3898 Deceni
1310 3854 1337 3897 et

284 3912 399 3974 Capituli
415 3912 570 3974 Exoniensis,
587 3929 683 3963 necnon
699 3914 780 3977 sigilla
794 3912 917 3974 Rectorin
928 3914 1037 3974 Patroni,
1050 3918 1075 3962 et
1086 3914 1200 3976 Magistri
1211 3913 1338 3975 Radulphi

283 3977 316 4025 de
328 3976 449 4041 Bykebiri
459 3982 522 4028 sunt
532 3979 778 4043 appensa—Datum
789 3978 893 4037 monio,
907 3978 948 4027 dic
959 3979 1031 4027 Luna
1042 3978 1155 4041 proxima
1166 3984 1223 4042 poet
1235 3980 1339 4028 Festum

1319 3670 1334 3703 Θ

186 4167 411 4235 1Ιιιιιίιὶῦιιιιιιιιγ.
740 4172 829 4222 ³Part
841 4171 920 4221 citha
933 4172 1019 4221 Eetate
1030 4187 1086 4221 now
1097 4172 1176 4221 called
1188 4172 1202 4197 “
1212 4174 1331 4223 Eastcn.''

188 4234 200 4265 ²
216 4235 277 4284 'l'his
285 4237 382 4297 Estote,
394 4236 487 4303 heving
494 4239 565 4302 been,
577 4239 705 4303 probably,
739 4235 750 4267 ⁴
768 4238 828 4288 Still
839 4237 917 4286 called
929 4236 1057 4286 'l'uffland

220 4302 322 4414 iliaedddi
339 4302 366 4351 in
386 4302 478 4366 others,
495 4309 587 4355 cannot
602 4320 660 4354 now
674 4304 706 4354 be
739 4302 836 4353 'hodie
851 4302 966 4352 Nodden.

387 4452 417 4509 Y
