<?xml version="1.0" encoding="UTF-8"?>
<!DOCTYPE html PUBLIC "-//W3C//DTD XHTML 1.0 Transitional//EN"
    "http://www.w3.org/TR/xhtml1/DTD/xhtml1-transitional.dtd">
<html xmlns="http://www.w3.org/1999/xhtml" xml:lang="en" lang="en">
 <head>
  <title>
</title>
<meta http-equiv="Content-Type" content="text/html;charset=utf-8" />
  <meta name='ocr-system' content='tesseract 3.04.00' />
  <meta name='ocr-capabilities' content='ocr_page ocr_carea ocr_par ocr_line ocrx_word'/>
</head>
<body>
  <div class='ocr_page' id='page_1' title='image "./registerswalter01hinggoog_0047.png"; bbox 0 0 3242 5100; ppageno 0'>
   <div class='ocr_carea' id='block_1_1' title="bbox 524 551 1326 624">
    <p class='ocr_par' dir='ltr' id='par_1_1' title="bbox 524 551 1326 624">
     <span class='ocr_line' id='line_1_1' title="bbox 524 551 1326 624; baseline -0.002 0"><span class='ocrx_word' id='word_1_1' title='bbox 524 565 733 624; x_wconf 74' lang='lat' dir='ltr'><strong>nnscoran</strong></span> <span class='ocrx_word' id='word_1_2' title='bbox 756 567 967 624; x_wconf 80' lang='lat' dir='ltr'><strong>sncrsrnns</strong></span> <span class='ocrx_word' id='word_1_3' title='bbox 1304 551 1326 622; x_wconf 78' lang='grc'>7</span> 
     </span>
    </p>
   </div>
   <div class='ocr_carea' id='block_1_2' title="bbox 233 723 1325 917">
    <p class='ocr_par' dir='ltr' id='par_1_2' title="bbox 233 723 1325 917">
     <span class='ocr_line' id='line_1_2' title="bbox 233 723 1325 788; baseline 0.005 -14"><span class='ocrx_word' id='word_1_4' title='bbox 233 724 359 788; x_wconf 66' lang='lat' dir='ltr'><strong>Scriptum</strong></span> <span class='ocrx_word' id='word_1_5' title='bbox 370 741 413 788; x_wconf 75' lang='lat' dir='ltr'><strong>pe·</strong></span> <span class='ocrx_word' id='word_1_6' title='bbox 423 741 461 774; x_wconf 74' lang='lat' dir='ltr'><strong>nc</strong></span> <span class='ocrx_word' id='word_1_7' title='bbox 473 723 599 787; x_wconf 69' lang='lat' dir='ltr'><strong>prefatum</strong></span> <span class='ocrx_word' id='word_1_8' title='bbox 610 723 775 772; x_wconf 70' lang='lat' dir='ltr'><strong>unumne</strong></span> <span class='ocrx_word' id='word_1_9' title='bbox 790 723 928 784; x_wconf 70' lang='lat' dir='ltr'><strong>(imm,</strong></span> <span class='ocrx_word' id='word_1_10' title='bbox 940 723 1126 788; x_wconf 61' lang='lat' dir='ltr'><strong>Reyidrwionc</strong></span> <span class='ocrx_word' id='word_1_11' title='bbox 1137 742 1166 776; x_wconf 78' lang='lat' dir='ltr'><strong>ce</strong></span> <span class='ocrx_word' id='word_1_12' title='bbox 1176 727 1240 778; x_wconf 72' lang='lat' dir='ltr'><strong>dide</strong></span> <span class='ocrx_word' id='word_1_13' title='bbox 1251 727 1325 777; x_wconf 70' lang='lat' dir='ltr'><strong>hebro</strong></span> 
     </span>
     <span class='ocr_line' id='line_1_3' title="bbox 264 788 1322 856; baseline 0.005 -18"><span class='ocrx_word' id='word_1_14' title='bbox 264 797 346 838; x_wconf 74' lang='lat' dir='ltr'><strong>noento</strong></span> <span class='ocrx_word' id='word_1_15' title='bbox 363 790 437 853; x_wconf 80' lang='lat' dir='ltr'><strong>Liger</strong></span> <span class='ocrx_word' id='word_1_16' title='bbox 454 790 583 838; x_wconf 86' lang='lat' dir='ltr'><strong>Prioretue</strong></span> <span class='ocrx_word' id='word_1_17' title='bbox 600 788 685 838; x_wconf 86' lang='lat' dir='ltr'><strong>Sancti</strong></span> <span class='ocrx_word' id='word_1_18' title='bbox 702 788 816 837; x_wconf 84' lang='lat' dir='ltr'><strong>Nicholai</strong></span> <span class='ocrx_word' id='word_1_19' title='bbox 832 789 988 849; x_wconf 79' lang='lat' dir='ltr'><strong>Exoniensis,</strong></span> <span class='ocrx_word' id='word_1_20' title='bbox 999 789 1040 840; x_wconf 82' lang='lat' dir='ltr'><strong>dic</strong></span> <span class='ocrx_word' id='word_1_21' title='bbox 1054 797 1077 840; x_wconf 80' lang='lat' dir='ltr'><strong>et</strong></span> <span class='ocrx_word' id='word_1_22' title='bbox 1086 807 1153 841; x_wconf 76' lang='lat' dir='ltr'><strong>anno</strong></span> <span class='ocrx_word' id='word_1_23' title='bbox 1168 793 1322 856; x_wconf 66' lang='lat' dir='ltr'><strong>repudietis</strong></span> 
     </span>
     <span class='ocr_line' id='line_1_4' title="bbox 266 849 990 917; baseline -0.004 -13"><span class='ocrx_word' id='word_1_24' title='bbox 266 857 281 904; x_wconf 88' lang='grc'>8</span> <span class='ocrx_word' id='word_1_25' title='bbox 295 855 354 916; x_wconf 69' lang='lat' dir='ltr'><strong>oo,</strong></span> <span class='ocrx_word' id='word_1_26' title='bbox 368 857 438 904; x_wconf 77' lang='lat'>1589.</span> <span class='ocrx_word' id='word_1_27' title='bbox 475 853 528 916; x_wconf 84' lang='lat' dir='ltr'><strong>[iol.</strong></span> <span class='ocrx_word' id='word_1_28' title='bbox 550 849 729 903; x_wconf 74' lang='lat' dir='ltr'><strong>seb-written</strong></span> <span class='ocrx_word' id='word_1_29' title='bbox 741 869 773 902; x_wconf 87' lang='lat' dir='ltr'><strong>on</strong></span> <span class='ocrx_word' id='word_1_30' title='bbox 784 869 798 901; x_wconf 80' lang='lat' dir='ltr'>a</span> <span class='ocrx_word' id='word_1_31' title='bbox 809 853 886 902; x_wconf 83' lang='lat' dir='ltr'><strong>blank</strong></span> <span class='ocrx_word' id='word_1_32' title='bbox 897 855 990 917; x_wconf 81' lang='lat' dir='ltr'><strong>space]</strong></span> 
     </span>
    </p>
   </div>
   <div class='ocr_carea' id='block_1_3' title="bbox 168 961 1321 1089">
    <p class='ocr_par' dir='ltr' id='par_1_3' title="bbox 168 961 1321 1089">
     <span class='ocr_line' id='line_1_5' title="bbox 168 961 1321 1089; baseline 0.005 -79"><span class='ocrx_word' id='word_1_33' title='bbox 168 962 288 1074; x_wconf 57' lang='lat' dir='ltr'><strong>Esther?</strong></span> <span class='ocrx_word' id='word_1_34' title='bbox 305 963 461 1089; x_wconf 43' lang='lat' dir='ltr'>{13⁰de</span> <span class='ocrx_word' id='word_1_35' title='bbox 478 962 527 1010; x_wconf 83' lang='lat' dir='ltr'><strong>but</strong></span> <span class='ocrx_word' id='word_1_36' title='bbox 541 961 595 1010; x_wconf 88' lang='lat' dir='ltr'><strong>itis</strong></span> <span class='ocrx_word' id='word_1_37' title='bbox 607 961 741 1010; x_wconf 81' lang='lat' dir='ltr'><strong>cleerthst</strong></span> <span class='ocrx_word' id='word_1_38' title='bbox 758 961 809 1010; x_wconf 85' lang='lat' dir='ltr'><strong>this</strong></span> <span class='ocrx_word' id='word_1_39' title='bbox 830 962 974 1024; x_wconf 80' lang='lat' dir='ltr'><strong>document,</strong></span> <span class='ocrx_word' id='word_1_40' title='bbox 983 962 1042 1024; x_wconf 85' lang='lat' dir='ltr'><strong>also,</strong></span> <span class='ocrx_word' id='word_1_41' title='bbox 1057 963 1160 1028; x_wconf 76' lang='lat' dir='ltr'><strong>belongs</strong></span> <span class='ocrx_word' id='word_1_42' title='bbox 1183 971 1211 1014; x_wconf 84' lang='lat' dir='ltr'><strong>to</strong></span> <span class='ocrx_word' id='word_1_43' title='bbox 1228 964 1321 1031; x_wconf 80' lang='lat' dir='ltr'><strong>B&#39;nbop</strong></span> 
     </span>
     <span class='ocr_line' id='line_1_6' title="bbox 188 1043 367 1076; baseline 0 0"><span class='ocrx_word' id='word_1_44' title='bbox 188 1043 294 1076; x_wconf 76' lang='lat' dir='ltr'><strong>nuere·</strong></span> <span class='ocrx_word' id='word_1_45' title='bbox 316 1060 319 1064; x_wconf 91' lang='lat'><em>-</em></span> <span class='ocrx_word' id='word_1_46' title='bbox 353 1044 367 1076; x_wconf 88' lang='lat' dir='ltr'><strong>e</strong></span> 
     </span>
    </p>
   </div>
   <div class='ocr_carea' id='block_1_4' title="bbox 725 1215 756 1279">
    <p class='ocr_par' dir='ltr' id='par_1_4' title="bbox 725 1215 756 1279">
     <span class='ocr_line' id='line_1_7' title="bbox 725 1215 756 1279; baseline 0 0"><span class='ocrx_word' id='word_1_47' title='bbox 725 1215 756 1279; x_wconf 85' lang='lat' dir='ltr'>V</span> 
     </span>
    </p>
   </div>
   <div class='ocr_carea' id='block_1_5' title="bbox 532 1333 965 1514">
    <p class='ocr_par' dir='ltr' id='par_1_5' title="bbox 532 1333 965 1514">
     <span class='ocr_line' id='line_1_8' title="bbox 532 1333 965 1401; baseline 0.005 -3"><span class='ocrx_word' id='word_1_48' title='bbox 532 1333 739 1400; x_wconf 81' lang='lat' dir='ltr'><strong>RIOHARD</strong></span> <span class='ocrx_word' id='word_1_49' title='bbox 770 1335 965 1401; x_wconf 86' lang='lat' dir='ltr'><strong>BLONDY.</strong></span> 
     </span>
     <span class='ocr_line' id='line_1_9' title="bbox 623 1453 869 1514; baseline 0.012 -11"><span class='ocrx_word' id='word_1_50' title='bbox 623 1454 695 1514; x_wconf 72' lang='lat' dir='ltr'><strong>(nn.</strong></span> <span class='ocrx_word' id='word_1_51' title='bbox 710 1453 869 1514; x_wconf 73' lang='lat' dir='ltr'><strong>uis-usu</strong></span> 
     </span>
    </p>
   </div>
   <div class='ocr_carea' id='block_1_6' title="bbox 170 1551 1322 1725">
    <p class='ocr_par' dir='ltr' id='par_1_6' title="bbox 170 1551 1322 1725">
     <span class='ocr_line' id='line_1_10' title="bbox 170 1551 1322 1645; baseline 0.007 -27"><span class='ocrx_word' id='word_1_52' title='bbox 170 1553 330 1618; x_wconf 69' lang='lat' dir='ltr'><strong>Teretion</strong></span> <span class='ocrx_word' id='word_1_53' title='bbox 347 1552 382 1617; x_wconf 84' lang='lat' dir='ltr'><strong>of</strong></span> <span class='ocrx_word' id='word_1_54' title='bbox 397 1552 566 1616; x_wconf 91' lang='lat' dir='ltr'><strong>Holbetou</strong></span> <span class='ocrx_word' id='word_1_55' title='bbox 582 1551 648 1616; x_wconf 90' lang='lat' dir='ltr'><strong>aud</strong></span> <span class='ocrx_word' id='word_1_56' title='bbox 668 1552 848 1617; x_wconf 79' lang='lat' dir='ltr'><strong>ednriseion</strong></span> <span class='ocrx_word' id='word_1_57' title='bbox 869 1553 905 1618; x_wconf 86' lang='lat' dir='ltr'><strong>of</strong></span> <span class='ocrx_word' id='word_1_58' title='bbox 932 1553 1083 1632; x_wconf 76' lang='lat' dir='ltr'><strong>Richard,</strong></span> <span class='ocrx_word' id='word_1_59' title='bbox 1106 1560 1322 1645; x_wconf 76' lang='lat' dir='ltr'>“capellanus</span> 
     </span>
     <span class='ocr_line' id='line_1_11' title="bbox 256 1637 1078 1725; baseline 0.002 -21"><span class='ocrx_word' id='word_1_60' title='bbox 256 1641 297 1704; x_wconf 88' lang='lat' dir='ltr'><strong>de</strong></span> <span class='ocrx_word' id='word_1_61' title='bbox 315 1639 533 1725; x_wconf 86' lang='lat' dir='ltr'><strong>Womgwylle</strong></span> <span class='ocrx_word' id='word_1_62' title='bbox 542 1637 571 1676; x_wconf 86' lang='lat'><strong>”¹</strong></span> <span class='ocrx_word' id='word_1_63' title='bbox 587 1643 622 1703; x_wconf 88' lang='lat' dir='ltr'><strong>to</strong></span> <span class='ocrx_word' id='word_1_64' title='bbox 640 1637 695 1702; x_wconf 86' lang='lat' dir='ltr'><strong>the</strong></span> <span class='ocrx_word' id='word_1_65' title='bbox 711 1639 871 1725; x_wconf 85' lang='lat' dir='ltr'><strong>Vicerege</strong></span> <span class='ocrx_word' id='word_1_66' title='bbox 886 1639 1016 1706; x_wconf 71' lang='lat' dir='ltr'><strong>thereos</strong></span> <span class='ocrx_word' id='word_1_67' title='bbox 1027 1667 1078 1705; x_wconf 92' lang='lat'><strong>:-</strong></span> 
     </span>
    </p>
   </div>
   <div class='ocr_carea' id='block_1_7' title="bbox 170 1757 1332 3704">
    <p class='ocr_par' dir='ltr' id='par_1_7' title="bbox 170 1757 1332 3704">
     <span class='ocr_line' id='line_1_12' title="bbox 203 1757 1324 1828; baseline 0.008 -19"><span class='ocrx_word' id='word_1_68' title='bbox 203 1760 337 1810; x_wconf 74' lang='lat' dir='ltr'><strong><em>ordinacio</em></strong></span> <span class='ocrx_word' id='word_1_69' title='bbox 363 1759 460 1808; x_wconf 70' lang='lat' dir='ltr'><strong>Vicae-ic</strong></span> <span class='ocrx_word' id='word_1_70' title='bbox 481 1758 511 1806; x_wconf 83' lang='lat' dir='ltr'><strong>dc</strong></span> <span class='ocrx_word' id='word_1_71' title='bbox 534 1757 649 1806; x_wconf 80' lang='lat' dir='ltr'><strong>Bolbeton</strong></span> <span class='ocrx_word' id='word_1_72' title='bbox 663 1759 832 1808; x_wconf 85' lang='lat' dir='ltr'><strong>:-Univereis</strong></span> <span class='ocrx_word' id='word_1_73' title='bbox 847 1759 942 1809; x_wconf 80' lang='lat' dir='ltr'><strong>Christi</strong></span> <span class='ocrx_word' id='word_1_74' title='bbox 961 1761 1077 1812; x_wconf 73' lang='lat' dir='ltr'><strong>fidelibus</strong></span> <span class='ocrx_word' id='word_1_75' title='bbox 1093 1765 1126 1814; x_wconf 83' lang='lat' dir='ltr'><strong>ed</strong></span> <span class='ocrx_word' id='word_1_76' title='bbox 1143 1781 1207 1828; x_wconf 91' lang='lat' dir='ltr'><strong>quoe</strong></span> <span class='ocrx_word' id='word_1_77' title='bbox 1223 1782 1324 1828; x_wconf 82' lang='lat' dir='ltr'><strong>presens</strong></span> 
     </span>
     <span class='ocr_line' id='line_1_13' title="bbox 170 1821 1325 1890; baseline 0.006 -15"><span class='ocrx_word' id='word_1_78' title='bbox 170 1825 300 1890; x_wconf 82' lang='lat' dir='ltr'><strong>Scriptum</strong></span> <span class='ocrx_word' id='word_1_79' title='bbox 316 1825 464 1888; x_wconf 81' lang='lat' dir='ltr'><strong>pervenerit,</strong></span> <span class='ocrx_word' id='word_1_80' title='bbox 482 1821 616 1886; x_wconf 84' lang='lat' dir='ltr'><strong>R[ioardns</strong></span> <span class='ocrx_word' id='word_1_81' title='bbox 632 1823 750 1886; x_wconf 79' lang='lat' dir='ltr'><strong>BlondyI,</strong></span> <span class='ocrx_word' id='word_1_82' title='bbox 767 1824 927 1873; x_wconf 76' lang='lat' dir='ltr'><strong>miseracione</strong></span> <span class='ocrx_word' id='word_1_83' title='bbox 943 1826 1034 1876; x_wconf 83' lang='lat' dir='ltr'><strong>Divina</strong></span> <span class='ocrx_word' id='word_1_84' title='bbox 1050 1829 1198 1880; x_wconf 78' lang='lat' dir='ltr'><strong>Exoniensis</strong></span> <span class='ocrx_word' id='word_1_85' title='bbox 1216 1833 1325 1882; x_wconf 85' lang='lat' dir='ltr'><strong>Eccleeie</strong></span> 
     </span>
     <span class='ocr_line' id='line_1_14' title="bbox 170 1887 1325 1952; baseline 0.006 -13"><span class='ocrx_word' id='word_1_86' title='bbox 170 1892 286 1940; x_wconf 72' lang='lat' dir='ltr'><strong>Minister</strong></span> <span class='ocrx_word' id='word_1_87' title='bbox 302 1889 412 1948; x_wconf 86' lang='lat' dir='ltr'><strong>humilis,</strong></span> <span class='ocrx_word' id='word_1_88' title='bbox 429 1889 537 1936; x_wconf 61' lang='lat' dir='ltr'><strong>alutem</strong></span> <span class='ocrx_word' id='word_1_89' title='bbox 554 1887 581 1936; x_wconf 94' lang='lat' dir='ltr'><strong>in</strong></span> <span class='ocrx_word' id='word_1_90' title='bbox 598 1887 706 1936; x_wconf 90' lang='lat' dir='ltr'><strong>Domino</strong></span> <span class='ocrx_word' id='word_1_91' title='bbox 724 1889 1049 1952; x_wconf 83' lang='lat' dir='ltr'><strong>sempiternam-Noverit</strong></span> <span class='ocrx_word' id='word_1_92' title='bbox 1069 1894 1225 1945; x_wconf 84' lang='lat' dir='ltr'><strong>Universitas</strong></span> <span class='ocrx_word' id='word_1_93' title='bbox 1241 1903 1325 1946; x_wconf 83' lang='lat' dir='ltr'><strong>vestre</strong></span> 
     </span>
     <span class='ocr_line' id='line_1_15' title="bbox 171 1952 1324 2022; baseline 0.006 -18"><span class='ocrx_word' id='word_1_94' title='bbox 171 1957 239 2018; x_wconf 90' lang='lat' dir='ltr'><strong>quod</strong></span> <span class='ocrx_word' id='word_1_95' title='bbox 250 1956 284 2003; x_wconf 90' lang='lat' dir='ltr'><strong>ad</strong></span> <span class='ocrx_word' id='word_1_96' title='bbox 300 1953 512 2018; x_wconf 76' lang='lat' dir='ltr'><strong>presentncionem</strong></span> <span class='ocrx_word' id='word_1_97' title='bbox 525 1952 628 2001; x_wconf 85' lang='lat' dir='ltr'><strong>lsebelle</strong></span> <span class='ocrx_word' id='word_1_98' title='bbox 644 1953 677 2000; x_wconf 89' lang='lat' dir='ltr'><strong>de</strong></span> <span class='ocrx_word' id='word_1_99' title='bbox 693 1953 794 2014; x_wconf 82' lang='lat' dir='ltr'><strong>Brente,</strong></span> <span class='ocrx_word' id='word_1_100' title='bbox 815 1954 940 2014; x_wconf 83' lang='lat' dir='ltr'><strong>Priorisse,</strong></span> <span class='ocrx_word' id='word_1_101' title='bbox 956 1961 984 2004; x_wconf 88' lang='lat' dir='ltr'><strong>et</strong></span> <span class='ocrx_word' id='word_1_102' title='bbox 1002 1957 1148 2008; x_wconf 86' lang='lat' dir='ltr'><strong>Conventus</strong></span> <span class='ocrx_word' id='word_1_103' title='bbox 1162 1961 1195 2008; x_wconf 91' lang='lat' dir='ltr'><strong>de</strong></span> <span class='ocrx_word' id='word_1_104' title='bbox 1211 1961 1324 2022; x_wconf 79' lang='lat' dir='ltr'><strong>Polulow,</strong></span> 
     </span>
     <span class='ocr_line' id='line_1_16' title="bbox 171 2017 1326 2084; baseline 0.005 -14"><span class='ocrx_word' id='word_1_105' title='bbox 171 2021 293 2070; x_wconf 83' lang='lat' dir='ltr'><strong>dilectum</strong></span> <span class='ocrx_word' id='word_1_106' title='bbox 304 2019 385 2068; x_wconf 85' lang='lat' dir='ltr'><strong>filium</strong></span> <span class='ocrx_word' id='word_1_107' title='bbox 403 2019 545 2078; x_wconf 85' lang='lat' dir='ltr'><strong>Ricardum,</strong></span> <span class='ocrx_word' id='word_1_108' title='bbox 562 2017 718 2080; x_wconf 84' lang='lat' dir='ltr'><strong>capellanum</strong></span> <span class='ocrx_word' id='word_1_109' title='bbox 735 2019 767 2067; x_wconf 92' lang='lat' dir='ltr'><strong>de</strong></span> <span class='ocrx_word' id='word_1_110' title='bbox 784 2017 959 2084; x_wconf 76' lang='lat' dir='ltr'><strong>Womgwae,</strong></span> <span class='ocrx_word' id='word_1_111' title='bbox 975 2023 1009 2070; x_wconf 83' lang='lat' dir='ltr'><strong>ed</strong></span> <span class='ocrx_word' id='word_1_112' title='bbox 1024 2023 1146 2073; x_wconf 81' lang='lat' dir='ltr'><strong>Viceriam</strong></span> <span class='ocrx_word' id='word_1_113' title='bbox 1165 2026 1275 2075; x_wconf 73' lang='lat' dir='ltr'><strong>Fccleeie</strong></span> <span class='ocrx_word' id='word_1_114' title='bbox 1294 2027 1326 2076; x_wconf 91' lang='lat' dir='ltr'><strong>de</strong></span> 
     </span>
     <span class='ocr_line' id='line_1_17' title="bbox 173 2081 1326 2148; baseline 0.006 -14"><span class='ocrx_word' id='word_1_115' title='bbox 173 2086 354 2148; x_wconf 78' lang='lat' dir='ltr'><strong>Holbogetone,</strong></span> <span class='ocrx_word' id='word_1_116' title='bbox 366 2083 476 2132; x_wconf 66' lang='lat' dir='ltr'><strong>cerimtis</strong></span> <span class='ocrx_word' id='word_1_117' title='bbox 492 2081 598 2142; x_wconf 88' lang='lat' dir='ltr'><strong>intuitu,</strong></span> <span class='ocrx_word' id='word_1_118' title='bbox 614 2082 769 2144; x_wconf 74' lang='lat' dir='ltr'><strong>admisimus,</strong></span> <span class='ocrx_word' id='word_1_119' title='bbox 781 2089 808 2131; x_wconf 90' lang='lat' dir='ltr'><strong>et</strong></span> <span class='ocrx_word' id='word_1_120' title='bbox 824 2085 938 2146; x_wconf 83' lang='lat' dir='ltr'><strong>ejusdem</strong></span> <span class='ocrx_word' id='word_1_121' title='bbox 951 2086 1059 2136; x_wconf 79' lang='lat' dir='ltr'><strong>Eccleeie</strong></span> <span class='ocrx_word' id='word_1_122' title='bbox 1075 2088 1206 2148; x_wconf 81' lang='lat' dir='ltr'><strong>vicetiam,</strong></span> <span class='ocrx_word' id='word_1_123' title='bbox 1220 2093 1252 2139; x_wconf 85' lang='lat' dir='ltr'><strong>de</strong></span> <span class='ocrx_word' id='word_1_124' title='bbox 1267 2107 1326 2140; x_wconf 88' lang='lat' dir='ltr'><strong>cen·</strong></span> 
     </span>
     <span class='ocr_line' id='line_1_18' title="bbox 172 2147 1325 2282; baseline 0.003 -17"><span class='ocrx_word' id='word_1_125' title='bbox 172 2147 628 2265; x_wconf 60' lang='lat' dir='ltr'><strong>nuscuuluuut</strong></span> <span class='ocrx_word' id='word_1_126' title='bbox 643 2147 1325 2282; x_wconf 65' lang='lat' dir='ltr'><strong>unuuzutuueulueuuu</strong></span> 
     </span>
     <span class='ocr_line' id='line_1_19' title="bbox 172 2251 1327 2346; baseline 0.004 -16"><span class='ocrx_word' id='word_1_127' title='bbox 172 2279 374 2336; x_wconf 84' lang='lat' dir='ltr'><strong>obvencionibus,</strong></span> <span class='ocrx_word' id='word_1_128' title='bbox 396 2251 424 2326; x_wconf 69' lang='lat' dir='ltr'><strong>bt</strong></span> <span class='ocrx_word' id='word_1_129' title='bbox 446 2277 562 2325; x_wconf 86' lang='lat' dir='ltr'><strong>omnibus</strong></span> <span class='ocrx_word' id='word_1_130' title='bbox 587 2277 641 2324; x_wconf 86' lang='lat' dir='ltr'><strong>eliis</strong></span> <span class='ocrx_word' id='word_1_131' title='bbox 664 2278 837 2340; x_wconf 86' lang='lat' dir='ltr'><strong>pertenenciis,</strong></span> <span class='ocrx_word' id='word_1_132' title='bbox 859 2284 913 2327; x_wconf 83' lang='lat' dir='ltr'><strong>tam</strong></span> <span class='ocrx_word' id='word_1_133' title='bbox 936 2255 1093 2343; x_wconf 73' lang='lat' dir='ltr'><strong>Capelianim</strong></span> <span class='ocrx_word' id='word_1_134' title='bbox 1115 2299 1192 2346; x_wconf 85' lang='lat' dir='ltr'><strong>quam</strong></span> <span class='ocrx_word' id='word_1_135' title='bbox 1214 2260 1327 2336; x_wconf 58' lang='lat' dir='ltr'><strong>Metricii</strong></span> 
     </span>
     <span class='ocr_line' id='line_1_20' title="bbox 173 2341 1328 2406; baseline 0.004 -11"><span class='ocrx_word' id='word_1_136' title='bbox 173 2345 290 2404; x_wconf 79' lang='lat' dir='ltr'><strong>Ecclesie,</strong></span> <span class='ocrx_word' id='word_1_137' title='bbox 305 2347 407 2406; x_wconf 82' lang='lat' dir='ltr'><strong>excepto</strong></span> <span class='ocrx_word' id='word_1_138' title='bbox 422 2342 480 2390; x_wconf 85' lang='lat' dir='ltr'><strong>feno</strong></span> <span class='ocrx_word' id='word_1_139' title='bbox 498 2341 599 2390; x_wconf 86' lang='lat' dir='ltr'><strong>Domini</strong></span> <span class='ocrx_word' id='word_1_140' title='bbox 618 2341 741 2390; x_wconf 85' lang='lat' dir='ltr'><strong>Joheunis</strong></span> <span class='ocrx_word' id='word_1_141' title='bbox 756 2343 787 2391; x_wconf 92' lang='lat' dir='ltr'><strong>de</strong></span> <span class='ocrx_word' id='word_1_142' title='bbox 803 2343 870 2391; x_wconf 82' lang='lat' dir='ltr'><strong>Alba</strong></span> <span class='ocrx_word' id='word_1_143' title='bbox 885 2360 961 2393; x_wconf 81' lang='lat' dir='ltr'><strong>mora</strong></span> <span class='ocrx_word' id='word_1_144' title='bbox 1004 2347 1113 2396; x_wconf 75' lang='lat' dir='ltr'><strong>Habebit</strong></span> <span class='ocrx_word' id='word_1_145' title='bbox 1129 2349 1207 2398; x_wconf 85' lang='lat' dir='ltr'><strong>eciam</strong></span> <span class='ocrx_word' id='word_1_146' title='bbox 1222 2350 1328 2400; x_wconf 89' lang='lat' dir='ltr'><strong>domum</strong></span> 
     </span>
     <span class='ocr_line' id='line_1_21' title="bbox 172 2406 1327 2474; baseline 0.005 -16"><span class='ocrx_word' id='word_1_147' title='bbox 172 2427 250 2474; x_wconf 88' lang='lat' dir='ltr'><strong>quam</strong></span> <span class='ocrx_word' id='word_1_148' title='bbox 272 2410 368 2458; x_wconf 81' lang='lat' dir='ltr'><strong>Alenus</strong></span> <span class='ocrx_word' id='word_1_149' title='bbox 390 2407 491 2455; x_wconf 87' lang='lat' dir='ltr'><strong>Durant</strong></span> <span class='ocrx_word' id='word_1_150' title='bbox 508 2406 642 2468; x_wconf 77' lang='lat' dir='ltr'><strong>aliquando</strong></span> <span class='ocrx_word' id='word_1_151' title='bbox 664 2407 755 2466; x_wconf 82' lang='lat' dir='ltr'><strong>tenuit,</strong></span> <span class='ocrx_word' id='word_1_152' title='bbox 779 2423 830 2456; x_wconf 81' lang='lat' dir='ltr'><strong>une</strong></span> <span class='ocrx_word' id='word_1_153' title='bbox 851 2423 910 2457; x_wconf 88' lang='lat' dir='ltr'><strong>cnm</strong></span> <span class='ocrx_word' id='word_1_154' title='bbox 931 2414 988 2458; x_wconf 81' lang='lat' dir='ltr'><strong>orto</strong></span> <span class='ocrx_word' id='word_1_155' title='bbox 1009 2411 1146 2474; x_wconf 84' lang='lat' dir='ltr'><strong>adjacente,</strong></span> <span class='ocrx_word' id='word_1_156' title='bbox 1168 2418 1196 2461; x_wconf 91' lang='lat' dir='ltr'><strong>et</strong></span> <span class='ocrx_word' id='word_1_157' title='bbox 1222 2415 1327 2464; x_wconf 87' lang='lat' dir='ltr'><strong>domum</strong></span> 
     </span>
     <span class='ocr_line' id='line_1_22' title="bbox 175 2471 1327 2541; baseline 0.005 -18"><span class='ocrx_word' id='word_1_158' title='bbox 175 2475 314 2538; x_wconf 81' lang='lat' dir='ltr'><strong>proximam</strong></span> <span class='ocrx_word' id='word_1_159' title='bbox 342 2487 372 2522; x_wconf 79' lang='lat' dir='ltr'><strong>ex</strong></span> <span class='ocrx_word' id='word_1_160' title='bbox 393 2479 464 2536; x_wconf 86' lang='lat' dir='ltr'><strong>parte</strong></span> <span class='ocrx_word' id='word_1_161' title='bbox 486 2471 626 2534; x_wconf 76' lang='lat' dir='ltr'><strong>Aquilonis,</strong></span> <span class='ocrx_word' id='word_1_162' title='bbox 649 2475 676 2520; x_wconf 88' lang='lat' dir='ltr'><strong>et</strong></span> <span class='ocrx_word' id='word_1_163' title='bbox 697 2477 781 2520; x_wconf 86' lang='lat' dir='ltr'><strong>ortum</strong></span> <span class='ocrx_word' id='word_1_164' title='bbox 804 2473 982 2536; x_wconf 79' lang='lat' dir='ltr'><strong>pertinentem,</strong></span> <span class='ocrx_word' id='word_1_165' title='bbox 1003 2479 1031 2524; x_wconf 88' lang='lat' dir='ltr'><strong>et</strong></span> <span class='ocrx_word' id='word_1_166' title='bbox 1054 2481 1147 2526; x_wconf 85' lang='lat' dir='ltr'><strong>terrem</strong></span> <span class='ocrx_word' id='word_1_167' title='bbox 1168 2479 1327 2541; x_wconf 72' lang='lat' dir='ltr'><strong>adimentem</strong></span> 
     </span>
     <span class='ocr_line' id='line_1_23' title="bbox 173 2535 1328 2607; baseline 0.005 -18"><span class='ocrx_word' id='word_1_168' title='bbox 173 2539 314 2604; x_wconf 82' lang='lat' dir='ltr'><strong>proximam</strong></span> <span class='ocrx_word' id='word_1_169' title='bbox 325 2543 391 2587; x_wconf 80' lang='lat' dir='ltr'><strong>retro</strong></span> <span class='ocrx_word' id='word_1_170' title='bbox 407 2541 475 2586; x_wconf 83' lang='lat' dir='ltr'><strong>ortos</strong></span> <span class='ocrx_word' id='word_1_171' title='bbox 492 2535 616 2600; x_wconf 83' lang='lat' dir='ltr'><strong>predictos</strong></span> <span class='ocrx_word' id='word_1_172' title='bbox 632 2552 659 2585; x_wconf 88' lang='lat' dir='ltr'><strong>ee</strong></span> <span class='ocrx_word' id='word_1_173' title='bbox 669 2538 848 2587; x_wconf 68' lang='lat' dir='ltr'><strong>extendentem</strong></span> <span class='ocrx_word' id='word_1_174' title='bbox 865 2554 951 2588; x_wconf 80' lang='lat' dir='ltr'><strong>serens</strong></span> <span class='ocrx_word' id='word_1_175' title='bbox 963 2539 1091 2602; x_wconf 84' lang='lat' dir='ltr'><strong>Occidens,</strong></span> <span class='ocrx_word' id='word_1_176' title='bbox 1103 2541 1177 2606; x_wconf 81' lang='lat' dir='ltr'><strong>juxta</strong></span> <span class='ocrx_word' id='word_1_177' title='bbox 1186 2545 1328 2607; x_wconf 67' lang='lat' dir='ltr'><strong>gardinum</strong></span> 
     </span>
     <span class='ocr_line' id='line_1_24' title="bbox 174 2602 1327 2673; baseline 0.005 -20"><span class='ocrx_word' id='word_1_178' title='bbox 174 2622 256 2668; x_wconf 87' lang='lat' dir='ltr'><strong>usque</strong></span> <span class='ocrx_word' id='word_1_179' title='bbox 266 2606 298 2653; x_wconf 86' lang='lat' dir='ltr'><strong>ed</strong></span> <span class='ocrx_word' id='word_1_180' title='bbox 310 2604 509 2660; x_wconf 64' lang='lat' dir='ltr'><strong>novemfontium,</strong></span> <span class='ocrx_word' id='word_1_181' title='bbox 522 2606 548 2649; x_wconf 87' lang='lat' dir='ltr'><strong>et</strong></span> <span class='ocrx_word' id='word_1_182' title='bbox 560 2617 603 2665; x_wconf 88' lang='lat' dir='ltr'><strong>per</strong></span> <span class='ocrx_word' id='word_1_183' title='bbox 618 2602 724 2651; x_wconf 84' lang='lat' dir='ltr'><strong>eandem</strong></span> <span class='ocrx_word' id='word_1_184' title='bbox 742 2618 821 2665; x_wconf 86' lang='lat' dir='ltr'><strong>usque</strong></span> <span class='ocrx_word' id='word_1_185' title='bbox 837 2604 869 2652; x_wconf 84' lang='lat' dir='ltr'><strong>nd</strong></span> <span class='ocrx_word' id='word_1_186' title='bbox 885 2604 1007 2668; x_wconf 75' lang='lat' dir='ltr'><strong>angulum</strong></span> <span class='ocrx_word' id='word_1_187' title='bbox 1022 2607 1188 2668; x_wconf 82' lang='lat' dir='ltr'><strong>Aquiloniam</strong></span> <span class='ocrx_word' id='word_1_188' title='bbox 1204 2610 1327 2673; x_wconf 86' lang='lat' dir='ltr'><strong>ejusdem,</strong></span> 
     </span>
     <span class='ocr_line' id='line_1_25' title="bbox 175 2666 1329 2738; baseline 0.004 -19"><span class='ocrx_word' id='word_1_189' title='bbox 175 2676 202 2719; x_wconf 93' lang='lat' dir='ltr'><strong>et</strong></span> <span class='ocrx_word' id='word_1_190' title='bbox 220 2671 252 2718; x_wconf 81' lang='lat' dir='ltr'><strong>eb</strong></span> <span class='ocrx_word' id='word_1_191' title='bbox 270 2670 357 2718; x_wconf 84' lang='lat' dir='ltr'><strong>eodem</strong></span> <span class='ocrx_word' id='word_1_192' title='bbox 377 2668 468 2730; x_wconf 80' lang='lat' dir='ltr'><strong>angulo</strong></span> <span class='ocrx_word' id='word_1_193' title='bbox 487 2666 604 2715; x_wconf 86' lang='lat' dir='ltr'><strong>linialiter</strong></span> <span class='ocrx_word' id='word_1_194' title='bbox 620 2682 707 2715; x_wconf 85' lang='lat' dir='ltr'><strong>versus</strong></span> <span class='ocrx_word' id='word_1_195' title='bbox 725 2666 855 2716; x_wconf 82' lang='lat' dir='ltr'><strong>Orientem</strong></span> <span class='ocrx_word' id='word_1_196' title='bbox 872 2684 953 2731; x_wconf 59' lang='lat' dir='ltr'><strong>uque</strong></span> <span class='ocrx_word' id='word_1_197' title='bbox 971 2670 1004 2718; x_wconf 83' lang='lat' dir='ltr'><strong>acl</strong></span> <span class='ocrx_word' id='word_1_198' title='bbox 1021 2670 1095 2721; x_wconf 72' lang='lat' dir='ltr'><strong>Viam</strong></span> <span class='ocrx_word' id='word_1_199' title='bbox 1106 2674 1217 2735; x_wconf 78' lang='lat' dir='ltr'><strong>Regiam,</strong></span> <span class='ocrx_word' id='word_1_200' title='bbox 1239 2681 1266 2723; x_wconf 88' lang='lat' dir='ltr'><strong>et</strong></span> <span class='ocrx_word' id='word_1_201' title='bbox 1284 2691 1329 2738; x_wconf 87' lang='lat' dir='ltr'><strong>per</strong></span> 
     </span>
     <span class='ocr_line' id='line_1_26' title="bbox 175 2730 1329 2810; baseline 0.003 -26"><span class='ocrx_word' id='word_1_202' title='bbox 175 2735 281 2785; x_wconf 87' lang='lat' dir='ltr'><strong>enndem</strong></span> <span class='ocrx_word' id='word_1_203' title='bbox 292 2734 359 2782; x_wconf 87' lang='lat' dir='ltr'><strong>viam</strong></span> <span class='ocrx_word' id='word_1_204' title='bbox 370 2748 455 2781; x_wconf 86' lang='lat' dir='ltr'><strong>versus</strong></span> <span class='ocrx_word' id='word_1_205' title='bbox 473 2730 602 2779; x_wconf 79' lang='lat' dir='ltr'><strong>Meridiem</strong></span> <span class='ocrx_word' id='word_1_206' title='bbox 615 2747 694 2793; x_wconf 88' lang='lat' dir='ltr'><strong>usque</strong></span> <span class='ocrx_word' id='word_1_207' title='bbox 710 2732 742 2779; x_wconf 82' lang='lat' dir='ltr'><strong>sd</strong></span> <span class='ocrx_word' id='word_1_208' title='bbox 759 2732 826 2781; x_wconf 86' lang='lat' dir='ltr'><strong>viam</strong></span> <span class='ocrx_word' id='word_1_209' title='bbox 836 2735 984 2810; x_wconf 81' lang='lat' dir='ltr'><strong>tendentem</strong></span> <span class='ocrx_word' id='word_1_210' title='bbox 995 2750 1081 2785; x_wconf 80' lang='lat' dir='ltr'><strong>verena</strong></span> <span class='ocrx_word' id='word_1_211' title='bbox 1098 2738 1222 2799; x_wconf 77' lang='lat' dir='ltr'><strong>predictus</strong></span> <span class='ocrx_word' id='word_1_212' title='bbox 1240 2740 1329 2789; x_wconf 84' lang='lat' dir='ltr'><strong>domos</strong></span> 
     </span>
     <span class='ocr_line' id='line_1_27' title="bbox 176 2796 1328 2929; baseline 0.004 -16"><span class='ocrx_word' id='word_1_213' title='bbox 176 2796 760 2924; x_wconf 53' lang='lat' dir='ltr'><strong>nfftlnfflltzttlllltltltn</strong></span> <span class='ocrx_word' id='word_1_214' title='bbox 770 2798 930 2925; x_wconf 55' lang='lat' dir='ltr'><strong>illisit</strong></span> <span class='ocrx_word' id='word_1_215' title='bbox 939 2803 1328 2929; x_wconf 53' lang='lat' dir='ltr'><strong>liltffiplibiiinffi</strong></span> 
     </span>
     <span class='ocr_line' id='line_1_28' title="bbox 178 2924 1329 2987; baseline 0.003 -9"><span class='ocrx_word' id='word_1_216' title='bbox 178 2934 265 2978; x_wconf 74' lang='lat' dir='ltr'><strong>nostn</strong></span> <span class='ocrx_word' id='word_1_217' title='bbox 276 2928 439 2977; x_wconf 82' lang='lat' dir='ltr'><strong>Ordinacione</strong></span> <span class='ocrx_word' id='word_1_218' title='bbox 457 2931 484 2974; x_wconf 89' lang='lat' dir='ltr'><strong>et</strong></span> <span class='ocrx_word' id='word_1_219' title='bbox 499 2924 586 2974; x_wconf 85' lang='lat' dir='ltr'><strong>Gracia</strong></span> <span class='ocrx_word' id='word_1_220' title='bbox 603 2925 709 2987; x_wconf 77' lang='lat' dir='ltr'><strong>speciali,</strong></span> <span class='ocrx_word' id='word_1_221' title='bbox 727 2942 778 2975; x_wconf 81' lang='lat' dir='ltr'><strong>uns</strong></span> <span class='ocrx_word' id='word_1_222' title='bbox 794 2943 853 2975; x_wconf 90' lang='lat' dir='ltr'><strong>cum</strong></span> <span class='ocrx_word' id='word_1_223' title='bbox 871 2943 993 2977; x_wconf 84' lang='lat' dir='ltr'><strong>consensu</strong></span> <span class='ocrx_word' id='word_1_224' title='bbox 1008 2931 1193 2981; x_wconf 85' lang='lat' dir='ltr'><strong>antedictarum</strong></span> <span class='ocrx_word' id='word_1_225' title='bbox 1210 2934 1329 2982; x_wconf 87' lang='lat' dir='ltr'><strong>Prioriaee</strong></span> 
     </span>
     <span class='ocr_line' id='line_1_29' title="bbox 178 2988 1329 3061; baseline 0.003 -18"><span class='ocrx_word' id='word_1_226' title='bbox 178 3000 206 3043; x_wconf 82' lang='lat' dir='ltr'><strong>et</strong></span> <span class='ocrx_word' id='word_1_227' title='bbox 215 2991 447 3043; x_wconf 72' lang='lat' dir='ltr'><strong>sanctimonialium</strong></span> <span class='ocrx_word' id='word_1_228' title='bbox 459 3007 466 3049; x_wconf 88' lang='lat'>;</span> <span class='ocrx_word' id='word_1_229' title='bbox 482 2988 556 3038; x_wconf 83' lang='lat' dir='ltr'><strong>salvis</strong></span> <span class='ocrx_word' id='word_1_230' title='bbox 567 2988 638 3037; x_wconf 86' lang='lat' dir='ltr'><strong>nobis</strong></span> <span class='ocrx_word' id='word_1_231' title='bbox 650 2996 676 3039; x_wconf 88' lang='lat' dir='ltr'><strong>et</strong></span> <span class='ocrx_word' id='word_1_232' title='bbox 687 2991 870 3039; x_wconf 83' lang='lat' dir='ltr'><strong>successoribus</strong></span> <span class='ocrx_word' id='word_1_233' title='bbox 887 2993 979 3041; x_wconf 79' lang='lat' dir='ltr'><strong>nostris</strong></span> <span class='ocrx_word' id='word_1_234' title='bbox 989 2994 1046 3057; x_wconf 84' lang='lat' dir='ltr'><strong>jure</strong></span> <span class='ocrx_word' id='word_1_235' title='bbox 1057 3000 1084 3044; x_wconf 88' lang='lat' dir='ltr'><strong>et</strong></span> <span class='ocrx_word' id='word_1_236' title='bbox 1094 2996 1218 3059; x_wconf 68' lang='lat' dir='ltr'><strong>dignitate</strong></span> <span class='ocrx_word' id='word_1_237' title='bbox 1229 2999 1329 3061; x_wconf 83' lang='lat' dir='ltr'><strong>speciali</strong></span> 
     </span>
     <span class='ocr_line' id='line_1_30' title="bbox 177 3054 1329 3125; baseline 0.003 -18"><span class='ocrx_word' id='word_1_238' title='bbox 177 3060 205 3107; x_wconf 94' lang='lat' dir='ltr'><strong>in</strong></span> <span class='ocrx_word' id='word_1_239' title='bbox 215 3058 338 3107; x_wconf 84' lang='lat' dir='ltr'><strong>omnibus</strong></span> <span class='ocrx_word' id='word_1_240' title='bbox 373 3057 408 3104; x_wconf 90' lang='lat' dir='ltr'><strong>Et</strong></span> <span class='ocrx_word' id='word_1_241' title='bbox 418 3056 439 3103; x_wconf 89' lang='lat' dir='ltr'><strong>si</strong></span> <span class='ocrx_word' id='word_1_242' title='bbox 451 3054 580 3116; x_wconf 83' lang='lat' dir='ltr'><strong>contingat</strong></span> <span class='ocrx_word' id='word_1_243' title='bbox 590 3054 643 3103; x_wconf 82' lang='lat' dir='ltr'><strong>fieri</strong></span> <span class='ocrx_word' id='word_1_244' title='bbox 660 3070 737 3103; x_wconf 80' lang='lat' dir='ltr'><strong>novos</strong></span> <span class='ocrx_word' id='word_1_245' title='bbox 747 3061 815 3103; x_wconf 86' lang='lat' dir='ltr'><strong>ortos</strong></span> <span class='ocrx_word' id='word_1_246' title='bbox 827 3056 871 3104; x_wconf 91' lang='lat' dir='ltr'><strong>ubi</strong></span> <span class='ocrx_word' id='word_1_247' title='bbox 882 3058 989 3119; x_wconf 81' lang='lat' dir='ltr'><strong>majores</strong></span> <span class='ocrx_word' id='word_1_248' title='bbox 998 3060 1094 3109; x_wconf 80' lang='lat' dir='ltr'><strong>decime</strong></span> <span class='ocrx_word' id='word_1_249' title='bbox 1105 3062 1219 3110; x_wconf 83' lang='lat' dir='ltr'><strong>solebant</strong></span> <span class='ocrx_word' id='word_1_250' title='bbox 1228 3064 1329 3125; x_wconf 82' lang='lat' dir='ltr'><strong>percipi,</strong></span> 
     </span>
     <span class='ocr_line' id='line_1_31' title="bbox 178 3118 1330 3176; baseline 0.003 -3"><span class='ocrx_word' id='word_1_251' title='bbox 178 3125 210 3173; x_wconf 92' lang='lat' dir='ltr'><strong>de</strong></span> <span class='ocrx_word' id='word_1_252' title='bbox 229 3123 330 3171; x_wconf 89' lang='lat' dir='ltr'><strong>illorum</strong></span> <span class='ocrx_word' id='word_1_253' title='bbox 348 3126 461 3169; x_wconf 87' lang='lat' dir='ltr'><strong>ortorum</strong></span> <span class='ocrx_word' id='word_1_254' title='bbox 479 3118 582 3167; x_wconf 79' lang='lat' dir='ltr'><strong>decimis</strong></span> <span class='ocrx_word' id='word_1_255' title='bbox 601 3119 678 3167; x_wconf 85' lang='lat' dir='ltr'><strong>nichil</strong></span> <span class='ocrx_word' id='word_1_256' title='bbox 695 3120 763 3168; x_wconf 85' lang='lat' dir='ltr'><strong>dicte</strong></span> <span class='ocrx_word' id='word_1_257' title='bbox 780 3120 876 3169; x_wconf 83' lang='lat' dir='ltr'><strong>Vicen&#39;e</strong></span> <span class='ocrx_word' id='word_1_258' title='bbox 895 3129 1023 3173; x_wconf 63' lang='lat' dir='ltr'><strong>memet.</strong></span> <span class='ocrx_word' id='word_1_259' title='bbox 1057 3125 1093 3173; x_wconf 82' lang='lat' dir='ltr'><strong>Et</strong></span> <span class='ocrx_word' id='word_1_260' title='bbox 1111 3125 1146 3174; x_wconf 82' lang='lat' dir='ltr'><strong>sic</strong></span> <span class='ocrx_word' id='word_1_261' title='bbox 1163 3128 1330 3176; x_wconf 75' lang='lat' dir='ltr'><strong>remanebunt</strong></span> 
     </span>
     <span class='ocr_line' id='line_1_32' title="bbox 178 3184 1330 3255; baseline 0.003 -16"><span class='ocrx_word' id='word_1_262' title='bbox 178 3188 291 3239; x_wconf 82' lang='lat' dir='ltr'><strong>contenti</strong></span> <span class='ocrx_word' id='word_1_263' title='bbox 302 3186 399 3235; x_wconf 83' lang='lat' dir='ltr'><strong>Vinaria</strong></span> <span class='ocrx_word' id='word_1_264' title='bbox 406 3200 449 3248; x_wconf 87' lang='lat' dir='ltr'><strong>per</strong></span> <span class='ocrx_word' id='word_1_265' title='bbox 460 3200 505 3232; x_wconf 89' lang='lat' dir='ltr'><strong>nos</strong></span> <span class='ocrx_word' id='word_1_266' title='bbox 516 3188 609 3243; x_wconf 56' lang='lat' dir='ltr'><strong>taxato</strong></span> <span class='ocrx_word' id='word_1_267' title='bbox 621 3184 731 3246; x_wconf 79' lang='lat' dir='ltr'><strong>itaquod</strong></span> <span class='ocrx_word' id='word_1_268' title='bbox 743 3185 909 3247; x_wconf 85' lang='lat' dir='ltr'><strong>imposterum</strong></span> <span class='ocrx_word' id='word_1_269' title='bbox 920 3187 996 3235; x_wconf 85' lang='lat' dir='ltr'><strong>nichil</strong></span> <span class='ocrx_word' id='word_1_270' title='bbox 1007 3190 1114 3252; x_wconf 85' lang='lat' dir='ltr'><strong>amplius</strong></span> <span class='ocrx_word' id='word_1_271' title='bbox 1125 3192 1222 3254; x_wconf 80' lang='lat' dir='ltr'><strong>exigere</strong></span> <span class='ocrx_word' id='word_1_272' title='bbox 1233 3192 1330 3255; x_wconf 73' lang='lat' dir='ltr'><strong>pomint</strong></span> 
     </span>
     <span class='ocr_line' id='line_1_33' title="bbox 177 3247 1330 3315; baseline 0.003 -12"><span class='ocrx_word' id='word_1_273' title='bbox 177 3254 205 3303; x_wconf 92' lang='lat' dir='ltr'><strong>in</strong></span> <span class='ocrx_word' id='word_1_274' title='bbox 227 3253 419 3315; x_wconf 71' lang='lat' dir='ltr'><strong>imperpetuum.</strong></span> <span class='ocrx_word' id='word_1_275' title='bbox 466 3247 606 3297; x_wconf 81' lang='lat' dir='ltr'><strong>Sustinebit</strong></span> <span class='ocrx_word' id='word_1_276' title='bbox 627 3248 694 3297; x_wconf 84' lang='lat' dir='ltr'><strong>idem</strong></span> <span class='ocrx_word' id='word_1_277' title='bbox 717 3249 831 3299; x_wconf 85' lang='lat' dir='ltr'><strong>Vicarius</strong></span> <span class='ocrx_word' id='word_1_278' title='bbox 857 3256 885 3299; x_wconf 87' lang='lat' dir='ltr'><strong>et</strong></span> <span class='ocrx_word' id='word_1_279' title='bbox 905 3268 1057 3302; x_wconf 83' lang='lat' dir='ltr'><strong>successores</strong></span> <span class='ocrx_word' id='word_1_280' title='bbox 1084 3254 1124 3303; x_wconf 85' lang='lat' dir='ltr'><strong>eui</strong></span> <span class='ocrx_word' id='word_1_281' title='bbox 1148 3257 1233 3305; x_wconf 80' lang='lat' dir='ltr'><strong>omnin</strong></span> <span class='ocrx_word' id='word_1_282' title='bbox 1253 3272 1330 3306; x_wconf 81' lang='lat' dir='ltr'><strong>onera</strong></span> 
     </span>
     <span class='ocr_line' id='line_1_34' title="bbox 177 3314 1331 3383; baseline 0.006 -19"><span class='ocrx_word' id='word_1_283' title='bbox 177 3316 303 3367; x_wconf 71' lang='lat' dir='ltr'><strong>crunnus</strong></span> <span class='ocrx_word' id='word_1_284' title='bbox 313 3315 399 3364; x_wconf 81' lang='lat' dir='ltr'><strong>debite</strong></span> <span class='ocrx_word' id='word_1_285' title='bbox 409 3318 436 3363; x_wconf 83' lang='lat' dir='ltr'><strong>et</strong></span> <span class='ocrx_word' id='word_1_286' title='bbox 446 3316 579 3369; x_wconf 85' lang='lat' dir='ltr'><strong>consueta;</strong></span> <span class='ocrx_word' id='word_1_287' title='bbox 606 3314 808 3375; x_wconf 81' lang='lat' dir='ltr'><strong>extraordinarie,</strong></span> <span class='ocrx_word' id='word_1_288' title='bbox 821 3330 886 3374; x_wconf 85' lang='lat' dir='ltr'><strong>vero,</strong></span> <span class='ocrx_word' id='word_1_289' title='bbox 898 3332 943 3378; x_wconf 87' lang='lat' dir='ltr'><strong>pro</strong></span> <span class='ocrx_word' id='word_1_290' title='bbox 951 3323 1006 3366; x_wconf 84' lang='lat' dir='ltr'><strong>rata</strong></span> <span class='ocrx_word' id='word_1_291' title='bbox 1016 3318 1138 3380; x_wconf 87' lang='lat' dir='ltr'><strong>porcionis</strong></span> <span class='ocrx_word' id='word_1_292' title='bbox 1149 3320 1197 3368; x_wconf 87' lang='lat' dir='ltr'><strong>sibi</strong></span> <span class='ocrx_word' id='word_1_293' title='bbox 1206 3322 1331 3383; x_wconf 73' lang='lat' dir='ltr'><strong>resignate</strong></span> 
     </span>
     <span class='ocr_line' id='line_1_35' title="bbox 177 3378 1331 3444; baseline 0.004 -13"><span class='ocrx_word' id='word_1_294' title='bbox 177 3384 246 3432; x_wconf 89' lang='lat' dir='ltr'><strong>idem</strong></span> <span class='ocrx_word' id='word_1_295' title='bbox 258 3381 371 3429; x_wconf 74' lang='lat' dir='ltr'><strong>Vimn&#39;ns</strong></span> <span class='ocrx_word' id='word_1_296' title='bbox 382 3384 408 3429; x_wconf 86' lang='lat' dir='ltr'><strong>et</strong></span> <span class='ocrx_word' id='word_1_297' title='bbox 418 3392 569 3427; x_wconf 83' lang='lat' dir='ltr'><strong>successores</strong></span> <span class='ocrx_word' id='word_1_298' title='bbox 581 3378 620 3425; x_wconf 87' lang='lat' dir='ltr'><strong>sui</strong></span> <span class='ocrx_word' id='word_1_299' title='bbox 631 3378 901 3441; x_wconf 79' lang='lat' dir='ltr'><strong>respondebunt-Ut</strong></span> <span class='ocrx_word' id='word_1_300' title='bbox 917 3380 962 3429; x_wconf 90' lang='lat' dir='ltr'><strong>hee</strong></span> <span class='ocrx_word' id='word_1_301' title='bbox 973 3383 1085 3444; x_wconf 83' lang='lat' dir='ltr'><strong>predicte</strong></span> <span class='ocrx_word' id='word_1_302' title='bbox 1101 3390 1187 3433; x_wconf 84' lang='lat' dir='ltr'><strong>nostre</strong></span> <span class='ocrx_word' id='word_1_303' title='bbox 1198 3386 1331 3435; x_wconf 88' lang='lat' dir='ltr'><strong>Ordinacio</strong></span> 
     </span>
     <span class='ocr_line' id='line_1_36' title="bbox 178 3442 1330 3511; baseline 0.006 -18"><span class='ocrx_word' id='word_1_304' title='bbox 178 3452 327 3511; x_wconf 78' lang='lat' dir='ltr'><strong>perpetuam</strong></span> <span class='ocrx_word' id='word_1_305' title='bbox 338 3444 451 3493; x_wconf 75' lang='lat' dir='ltr'><strong>obtinent</strong></span> <span class='ocrx_word' id='word_1_306' title='bbox 466 3442 613 3491; x_wconf 75' lang='lat' dir='ltr'><strong>firmitatem</strong></span> <span class='ocrx_word' id='word_1_307' title='bbox 630 3443 732 3504; x_wconf 87' lang='lat' dir='ltr'><strong>roboris,</strong></span> <span class='ocrx_word' id='word_1_308' title='bbox 744 3444 850 3492; x_wconf 71' lang='lat' dir='ltr'><strong>eundem</strong></span> <span class='ocrx_word' id='word_1_309' title='bbox 864 3450 951 3494; x_wconf 81' lang='lat' dir='ltr'><strong>nostra</strong></span> <span class='ocrx_word' id='word_1_310' title='bbox 961 3448 1111 3497; x_wconf 80' lang='lat' dir='ltr'><strong>auctoritate</strong></span> <span class='ocrx_word' id='word_1_311' title='bbox 1121 3450 1330 3509; x_wconf 72' lang='lat' dir='ltr'><strong>confirmavimus,</strong></span> 
     </span>
     <span class='ocr_line' id='line_1_37' title="bbox 178 3506 1331 3579; baseline 0.007 -23"><span class='ocrx_word' id='word_1_312' title='bbox 178 3518 205 3563; x_wconf 82' lang='lat' dir='ltr'><strong>et</strong></span> <span class='ocrx_word' id='word_1_313' title='bbox 224 3525 327 3575; x_wconf 83' lang='lat' dir='ltr'><strong>presens</strong></span> <span class='ocrx_word' id='word_1_314' title='bbox 344 3508 480 3571; x_wconf 81' lang='lat' dir='ltr'><strong>Scriptum,</strong></span> <span class='ocrx_word' id='word_1_315' title='bbox 502 3506 583 3567; x_wconf 79' lang='lat' dir='ltr'><strong>sigillo</strong></span> <span class='ocrx_word' id='word_1_316' title='bbox 605 3508 711 3570; x_wconf 88' lang='lat' dir='ltr'><strong>predicti</strong></span> <span class='ocrx_word' id='word_1_317' title='bbox 729 3508 875 3557; x_wconf 82' lang='lat' dir='ltr'><strong>Conventus</strong></span> <span class='ocrx_word' id='word_1_318' title='bbox 896 3510 1023 3573; x_wconf 75' lang='lat' dir='ltr'><strong>signatum</strong></span> <span class='ocrx_word' id='word_1_319' title='bbox 1035 3517 1062 3561; x_wconf 87' lang='lat' dir='ltr'><strong>et</strong></span> <span class='ocrx_word' id='word_1_320' title='bbox 1078 3513 1239 3577; x_wconf 86' lang='lat' dir='ltr'><strong>impressione</strong></span> <span class='ocrx_word' id='word_1_321' title='bbox 1255 3515 1331 3579; x_wconf 80' lang='lat' dir='ltr'><strong>sigilli</strong></span> 
     </span>
     <span class='ocr_line' id='line_1_38' title="bbox 179 3572 1332 3638; baseline 0.003 -11"><span class='ocrx_word' id='word_1_322' title='bbox 179 3576 260 3627; x_wconf 77' lang='lat' dir='ltr'><strong>nostri</strong></span> <span class='ocrx_word' id='word_1_323' title='bbox 267 3572 620 3625; x_wconf 81' lang='lat' dir='ltr'><strong>corruborevimna--Datum</strong></span> <span class='ocrx_word' id='word_1_324' title='bbox 631 3572 705 3621; x_wconf 78' lang='lat' dir='ltr'><strong>Anno</strong></span> <span class='ocrx_word' id='word_1_325' title='bbox 712 3573 815 3622; x_wconf 90' lang='lat' dir='ltr'><strong>Domini</strong></span> <span class='ocrx_word' id='word_1_326' title='bbox 822 3573 861 3622; x_wconf 78' lang='grc' dir='ltr'><strong>Μο</strong></span> <span class='ocrx_word' id='word_1_327' title='bbox 870 3574 925 3624; x_wconf 79' lang='lat'><strong>00⁰</strong></span> <span class='ocrx_word' id='word_1_328' title='bbox 934 3574 1025 3638; x_wconf 55' lang='lat' dir='ltr'><strong>Lera,</strong></span> <span class='ocrx_word' id='word_1_329' title='bbox 1037 3578 1236 3629; x_wconf 76' lang='lat' dir='ltr'><strong>Consecrecioms</strong></span> <span class='ocrx_word' id='word_1_330' title='bbox 1246 3587 1332 3631; x_wconf 86' lang='lat' dir='ltr'><strong>nostre</strong></span> 
     </span>
     <span class='ocr_line' id='line_1_39' title="bbox 178 3636 1005 3704; baseline -0.001 -13"><span class='ocrx_word' id='word_1_331' title='bbox 178 3644 256 3692; x_wconf 78' lang='lat' dir='ltr'><strong>Anno</strong></span> <span class='ocrx_word' id='word_1_332' title='bbox 264 3641 333 3704; x_wconf 66' lang='lat' dir='ltr'>xjmv.</span> <span class='ocrx_word' id='word_1_333' title='bbox 368 3636 494 3700; x_wconf 83' lang='lat' dir='ltr'><strong>[Stitched</strong></span> <span class='ocrx_word' id='word_1_334' title='bbox 505 3637 531 3685; x_wconf 89' lang='lat' dir='ltr'><strong>in</strong></span> <span class='ocrx_word' id='word_1_335' title='bbox 542 3640 570 3686; x_wconf 86' lang='lat' dir='ltr'><strong>at</strong></span> <span class='ocrx_word' id='word_1_336' title='bbox 581 3636 625 3686; x_wconf 89' lang='lat' dir='ltr'><strong>the</strong></span> <span class='ocrx_word' id='word_1_337' title='bbox 636 3636 772 3702; x_wconf 72' lang='lat' dir='ltr'><strong>beginning</strong></span> <span class='ocrx_word' id='word_1_338' title='bbox 782 3638 809 3687; x_wconf 80' lang='lat' dir='ltr'><strong>ci</strong></span> <span class='ocrx_word' id='word_1_339' title='bbox 819 3638 865 3689; x_wconf 77' lang='lat' dir='ltr'><strong>the</strong></span> <span class='ocrx_word' id='word_1_340' title='bbox 874 3640 1005 3704; x_wconf 69' lang='lat' dir='ltr'><strong>Reghterl.</strong></span> 
     </span>
    </p>
   </div>
   <div class='ocr_carea' id='block_1_8' title="bbox 184 4156 1343 4553">
    <p class='ocr_par' dir='ltr' id='par_1_8' title="bbox 184 4156 1343 4553">
     <span class='ocr_line' id='line_1_40' title="bbox 214 4156 1338 4245; baseline 0.011 -36"><span class='ocrx_word' id='word_1_341' title='bbox 214 4156 281 4209; x_wconf 86' lang='lat' dir='ltr'><strong>¹He</strong></span> <span class='ocrx_word' id='word_1_342' title='bbox 300 4174 359 4220; x_wconf 79' lang='lat' dir='ltr'><strong>was,</strong></span> <span class='ocrx_word' id='word_1_343' title='bbox 373 4156 504 4222; x_wconf 74' lang='lat' dir='ltr'><strong>probably,</strong></span> <span class='ocrx_word' id='word_1_344' title='bbox 520 4160 657 4209; x_wconf 84' lang='lat' dir='ltr'><strong>connected</strong></span> <span class='ocrx_word' id='word_1_345' title='bbox 675 4160 738 4209; x_wconf 80' lang='lat' dir='ltr'><strong>with</strong></span> <span class='ocrx_word' id='word_1_346' title='bbox 788 4162 884 4224; x_wconf 67' lang='lat' dir='ltr'><strong>mute,</strong></span> <span class='ocrx_word' id='word_1_347' title='bbox 901 4164 951 4213; x_wconf 90' lang='lat' dir='ltr'><strong>and</strong></span> <span class='ocrx_word' id='word_1_348' title='bbox 973 4163 995 4214; x_wconf 86' lang='lat' dir='ltr'><strong>is</strong></span> <span class='ocrx_word' id='word_1_349' title='bbox 1014 4169 1156 4245; x_wconf 71' lang='lat' dir='ltr'><strong>commonly</strong></span> <span class='ocrx_word' id='word_1_350' title='bbox 1172 4172 1251 4221; x_wconf 88' lang='lat' dir='ltr'><strong>celled</strong></span> <span class='ocrx_word' id='word_1_351' title='bbox 1270 4174 1338 4225; x_wconf 79' lang='lat' dir='ltr'><strong>“the</strong></span> 
     </span>
     <span class='ocr_line' id='line_1_41' title="bbox 184 4222 1339 4299; baseline 0.009 -24"><span class='ocrx_word' id='word_1_352' title='bbox 184 4224 227 4275; x_wconf 87' lang='lat' dir='ltr'><strong>the</strong></span> <span class='ocrx_word' id='word_1_353' title='bbox 248 4226 348 4275; x_wconf 85' lang='lat' dir='ltr'><strong>entient</strong></span> <span class='ocrx_word' id='word_1_354' title='bbox 370 4224 471 4286; x_wconf 77' lang='lat' dir='ltr'><strong>Family</strong></span> <span class='ocrx_word' id='word_1_355' title='bbox 493 4222 520 4272; x_wconf 85' lang='lat' dir='ltr'><strong>oi</strong></span> <span class='ocrx_word' id='word_1_356' title='bbox 538 4224 577 4273; x_wconf 85' lang='lat' dir='ltr'><strong>De</strong></span> <span class='ocrx_word' id='word_1_357' title='bbox 595 4224 736 4286; x_wconf 82' lang='lat' dir='ltr'><strong>Wonewell,</strong></span> <span class='ocrx_word' id='word_1_358' title='bbox 790 4224 927 4277; x_wconf 84' lang='lat' dir='ltr'><strong>Wonewell</strong></span> <span class='ocrx_word' id='word_1_359' title='bbox 944 4229 1039 4293; x_wconf 83' lang='lat' dir='ltr'><strong>Cbapel</strong></span> <span class='ocrx_word' id='word_1_360' title='bbox 1051 4234 1079 4290; x_wconf 88' lang='lat'><strong>;&#39;&#39;</strong></span> <span class='ocrx_word' id='word_1_361' title='bbox 1098 4234 1120 4282; x_wconf 90' lang='lat' dir='ltr'><strong>it</strong></span> <span class='ocrx_word' id='word_1_362' title='bbox 1136 4252 1157 4283; x_wconf 84' lang='lat' dir='ltr'><strong>n</strong></span> <span class='ocrx_word' id='word_1_363' title='bbox 1178 4234 1213 4299; x_wconf 80' lang='lat' dir='ltr'><strong>by</strong></span> <span class='ocrx_word' id='word_1_364' title='bbox 1234 4238 1274 4287; x_wconf 80' lang='lat' dir='ltr'><strong>fer</strong></span> <span class='ocrx_word' id='word_1_365' title='bbox 1295 4240 1339 4289; x_wconf 82' lang='lat' dir='ltr'><strong>the</strong></span> 
     </span>
     <span class='ocr_line' id='line_1_42' title="bbox 184 4288 1341 4355; baseline 0.012 -16"><span class='ocrx_word' id='word_1_366' title='bbox 184 4291 245 4339; x_wconf 85' lang='lat' dir='ltr'><strong>then</strong></span> <span class='ocrx_word' id='word_1_367' title='bbox 268 4289 418 4353; x_wconf 81' lang='lat' dir='ltr'><strong>flonriehing</strong></span> <span class='ocrx_word' id='word_1_368' title='bbox 444 4292 472 4336; x_wconf 80' lang='lat' dir='ltr'><strong>at</strong></span> <span class='ocrx_word' id='word_1_369' title='bbox 489 4288 631 4350; x_wconf 80' lang='lat' dir='ltr'><strong>wonewell,</strong></span> <span class='ocrx_word' id='word_1_370' title='bbox 647 4306 679 4338; x_wconf 92' lang='lat' dir='ltr'><strong>on</strong></span> <span class='ocrx_word' id='word_1_371' title='bbox 696 4290 741 4339; x_wconf 91' lang='lat' dir='ltr'><strong>the</strong></span> <span class='ocrx_word' id='word_1_372' title='bbox 791 4292 874 4341; x_wconf 83' lang='lat' dir='ltr'><strong>oldest</strong></span> <span class='ocrx_word' id='word_1_373' title='bbox 890 4295 986 4355; x_wconf 76' lang='lat' dir='ltr'><strong>partoi</strong></span> <span class='ocrx_word' id='word_1_374' title='bbox 1002 4296 1046 4344; x_wconf 85' lang='lat' dir='ltr'><strong>the</strong></span> <span class='ocrx_word' id='word_1_375' title='bbox 1062 4296 1341 4353; x_wconf 76' lang='lat' dir='ltr'><strong>fabrickzitscakrooi</strong></span> 
     </span>
     <span class='ocr_line' id='line_1_43' title="bbox 186 4350 1342 4425; baseline 0.013 -22"><span class='ocrx_word' id='word_1_376' title='bbox 186 4357 295 4419; x_wconf 89' lang='lat' dir='ltr'><strong>opposite</strong></span> <span class='ocrx_word' id='word_1_377' title='bbox 315 4354 408 4405; x_wconf 78' lang='lat' dir='ltr'><strong>sideni</strong></span> <span class='ocrx_word' id='word_1_378' title='bbox 420 4350 554 4402; x_wconf 83' lang='lat' dir='ltr'><strong>theRiver</strong></span> <span class='ocrx_word' id='word_1_379' title='bbox 567 4354 646 4403; x_wconf 81' lang='lat' dir='ltr'><strong>Enne</strong></span> <span class='ocrx_word' id='word_1_380' title='bbox 688 4354 741 4404; x_wconf 79' lang='lat' dir='ltr'><strong>&#39;l&#39;he</strong></span> <span class='ocrx_word' id='word_1_381' title='bbox 791 4358 841 4405; x_wconf 87' lang='lat' dir='ltr'><strong>and</strong></span> <span class='ocrx_word' id='word_1_382' title='bbox 853 4358 979 4407; x_wconf 75' lang='lat' dir='ltr'><strong>scanoue</strong></span> <span class='ocrx_word' id='word_1_383' title='bbox 994 4361 1122 4425; x_wconf 81' lang='lat' dir='ltr'><strong>two-light</strong></span> <span class='ocrx_word' id='word_1_384' title='bbox 1137 4365 1243 4415; x_wconf 82' lang='lat' dir='ltr'><strong>window</strong></span> <span class='ocrx_word' id='word_1_385' title='bbox 1259 4368 1286 4417; x_wconf 93' lang='lat' dir='ltr'><strong>in</strong></span> <span class='ocrx_word' id='word_1_386' title='bbox 1298 4370 1342 4418; x_wconf 89' lang='lat' dir='ltr'><strong>the</strong></span> 
     </span>
     <span class='ocr_line' id='line_1_44' title="bbox 186 4416 1343 4497; baseline 0.01 -26"><span class='ocrx_word' id='word_1_387' title='bbox 186 4422 265 4471; x_wconf 82' lang='lat' dir='ltr'><strong>Sonth</strong></span> <span class='ocrx_word' id='word_1_388' title='bbox 281 4422 408 4485; x_wconf 82' lang='lat' dir='ltr'><strong>Trensept</strong></span> <span class='ocrx_word' id='word_1_389' title='bbox 421 4418 449 4467; x_wconf 84' lang='lat' dir='ltr'><strong>of</strong></span> <span class='ocrx_word' id='word_1_390' title='bbox 466 4416 532 4467; x_wconf 82' lang='lat' dir='ltr'><strong>their</strong></span> <span class='ocrx_word' id='word_1_391' title='bbox 540 4416 628 4466; x_wconf 85' lang='lat' dir='ltr'><strong>Parish</strong></span> <span class='ocrx_word' id='word_1_392' title='bbox 640 4418 741 4469; x_wconf 84' lang='lat' dir='ltr'><strong>Charch</strong></span> <span class='ocrx_word' id='word_1_393' title='bbox 793 4422 858 4471; x_wconf 86' lang='lat' dir='ltr'><strong>East</strong></span> <span class='ocrx_word' id='word_1_394' title='bbox 876 4422 934 4473; x_wconf 85' lang='lat' dir='ltr'><strong>wall</strong></span> <span class='ocrx_word' id='word_1_395' title='bbox 955 4440 997 4473; x_wconf 84' lang='lat' dir='ltr'><strong>are</strong></span> <span class='ocrx_word' id='word_1_396' title='bbox 1017 4425 1082 4475; x_wconf 87' lang='lat' dir='ltr'><strong>both</strong></span> <span class='ocrx_word' id='word_1_397' title='bbox 1103 4428 1130 4477; x_wconf 85' lang='lat' dir='ltr'><strong>oi</strong></span> <span class='ocrx_word' id='word_1_398' title='bbox 1152 4430 1214 4480; x_wconf 76' lang='lat' dir='ltr'><strong>leth</strong></span> <span class='ocrx_word' id='word_1_399' title='bbox 1235 4438 1343 4497; x_wconf 82' lang='lat' dir='ltr'><strong>century</strong></span> 
     </span>
     <span class='ocr_line' id='line_1_45' title="bbox 184 4481 870 4553; baseline -0.003 -14"><span class='ocrx_word' id='word_1_400' title='bbox 184 4486 328 4553; x_wconf 77' lang='lat' dir='ltr'><strong>[Kingeton]</strong></span> <span class='ocrx_word' id='word_1_401' title='bbox 355 4486 378 4536; x_wconf 84' lang='lat' dir='ltr'><strong>is</strong></span> <span class='ocrx_word' id='word_1_402' title='bbox 407 4482 463 4534; x_wconf 83' lang='lat' dir='ltr'><strong>still</strong></span> <span class='ocrx_word' id='word_1_403' title='bbox 498 4481 613 4531; x_wconf 73' lang='lat' dir='ltr'><strong>annued</strong></span> <span class='ocrx_word' id='word_1_404' title='bbox 639 4488 667 4533; x_wconf 83' lang='lat' dir='ltr'><strong>to</strong></span> <span class='ocrx_word' id='word_1_405' title='bbox 698 4485 743 4535; x_wconf 87' lang='lat' dir='ltr'><strong>the</strong></span> <span class='ocrx_word' id='word_1_406' title='bbox 792 4487 870 4537; x_wconf 79' lang='lat' dir='ltr'><strong>work.</strong></span> 
     </span>
    </p>
   </div>
   <div class='ocr_carea' id='block_1_9' title="bbox 0 0 1647 5100">
    <p class='ocr_par' dir='ltr' id='par_1_9' title="bbox 0 0 1647 5100">
     <span class='ocr_line' id='line_1_46' title="bbox 0 0 1647 5100; baseline 0 0"><span class='ocrx_word' id='word_1_407' title='bbox 0 0 1647 5100; x_wconf 95' lang='lat' dir='ltr'><strong> </strong></span> 
     </span>
    </p>
   </div>
  </div>
 </body>
</html>
