3242 5100
508 567 1019 625 ossrsnorssoursconsa
1295 536 1340 610 19

186 740 245 774 oum
255 727 343 775 codam
359 727 387 776 in
403 727 527 790 peccatis:
546 742 641 790 nosque
653 726 817 775 Benalidmos
830 730 916 774 nostre
930 723 1040 774 Diooeaia
1056 738 1101 786 per
1114 737 1160 770 ros
1174 726 1202 769 et
1215 719 1338 769 Iocorum

185 791 378 840 archidiaconos
389 793 421 841 ad
434 793 521 842 Sacros
538 791 644 841 Ordines
655 791 832 854 suscipiendos,
848 791 989 839 secundum
999 793 1082 838 statua
1092 786 1229 862 cujuslibet
1238 784 1337 861 origen:

187 855 258 916 ciam,
268 856 402 906 fecerimus
413 859 446 906 ad
454 857 606 921 presenciam
618 861 729 906 nostram
740 855 823 919 sepius
834 855 938 912 evocari,
956 870 985 902 ac
995 853 1097 916 insuper
1108 853 1232 902 canonica
1242 865 1339 926 moneri

188 924 218 968 ut
237 921 263 969 in
283 922 336 970 suia
361 921 492 971 Beneficiis
511 922 655 981 residerem,
678 926 709 970 ut
728 926 865 970 tenentur:
881 926 916 980 et,
933 920 993 968 licat
1008 916 1183 982 hujuscemodi
1201 931 1247 979 pro
1263 929 1338 963 sarria

186 986 350 1035 contumaciis
361 993 388 1036 et
398 988 498 1036 offensis
508 987 609 1050 gravius
619 986 741 1036 hactenus
757 985 884 1048 punivisse
898 999 1035 1048 ponemus,
1046 998 1122 1059 penca
1133 987 1218 1058 husen
1228 980 1339 1057 humeae

187 1051 355 1100 mansuetudo
383 1053 482 1101 differre
503 1052 590 1116 coegit,
613 1067 676 1114 quas
698 1067 758 1100 cura
779 1050 913 1099 Pastoralia
934 1049 1117 1108 sollicitudinis,
1139 1047 1216 1096 robus
1236 1051 1338 1109 Juatrcre

187 1130 290 1176 memor,
309 1117 402 1165 inferre
421 1118 519 1176 sussit;
534 1117 593 1178 quia
609 1122 694 1166 tamen
711 1131 786 1178 penas
804 1115 941 1165 canonicas
957 1130 1002 1177 pro
1012 1113 1108 1162 meritis
1123 1111 1221 1160 debitas
1239 1110 1338 1161 differre

188 1181 249 1243 quin
261 1197 303 1229 cea
314 1182 520 1245 delinquentibus
528 1182 603 1244 juxta
609 1181 675 1245 juria
686 1181 838 1240 exiganciam
848 1180 986 1228 inieramus
996 1178 1103 1228 ulterius
1113 1192 1165 1226 non
1175 1177 1339 1252 audemus,—

187 1261 219 1293 ne
230 1245 304 1304 forte,
316 1246 338 1294 si
349 1247 462 1310 Sponsus
478 1247 583 1306 venerit,
600 1263 645 1296 nos
661 1245 773 1294 inveniat
787 1243 1051 1304 dormientes-vobis
1065 1243 1221 1302 mundanum
1233 1240 1339 1292 firmrtar

187 1310 357 1374 injungentes,
369 1312 489 1374 quatinus
501 1328 545 1374 per
561 1317 646 1361 totum
662 1311 900 1360 Ambidieconatum
918 1309 1044 1358 cornubie
1058 1307 1192 1370 diligenter
1205 1306 1339 1369 inquiratis

187 1381 214 1422 et
225 1375 323 1424 faciatis
333 1377 434 1440 inquiri,
446 1377 491 1440 qui
498 1376 650 1436 Beneficiati,
662 1390 747 1424 curam
756 1375 896 1424 animarum
904 1375 1032 1427 babentes.
1040 1389 1091 1422 nen
1099 1373 1186 1421 sintin
1195 1371 1340 1422 Ptasbiterii

187 1439 283 1488 Ordine
294 1441 433 1502 constituti,
445 1446 491 1490 aut
501 1442 579 1491 eciam
596 1442 790 1503 Redemptorem
800 1455 877 1488 suum
893 1445 920 1489 ct
930 1440 1014 1502 ipsum
1025 1439 1145 1488 Ordinem
1156 1437 1340 1487 Preabiterams

186 1505 343 1564 deludentes,
354 1507 464 1556 ordinati
484 1507 625 1566 Presbiteri,
642 1521 718 1554 suum
736 1511 767 1554 ut
782 1510 904 1554 tenentur
920 1520 972 1554 non
988 1508 1150 1568 exequuntur
1163 1502 1295 1563 Officium
1312 1510 1341 1554 et

186 1569 231 1633 qui
248 1570 275 1619 in
292 1569 423 1620 &aelidis
439 1571 492 1620 auis
508 1571 669 1620 resid0nciam
687 1585 737 1619 non
755 1570 853 1619 bciunt
869 1569 1038 1633 personalem:
1057 1569 1152 1632 quique
1167 1583 1269 1631 corpore
1284 1585 1339 1632 pre·

185 1638 279 1696 mutes,
301 1635 392 1698 spiritu
415 1651 474 1684 reru
495 1637 618 1698 absentes,
641 1641 739 1684 mrrena
758 1640 785 1684 et
812 1635 920 1684 carnalia
941 1635 1076 1698 plusquam
1102 1633 1203 1682 celestia
1229 1636 1339 1698 sepiunt,

186 1700 319 1748 denarium
339 1701 465 1764 recipiunt
483 1707 523 1750 aet
535 1701 634 1750 vincam
652 1700 755 1749 Domini
768 1715 820 1750 non
839 1701 932 1749 colunt
967 1700 1008 1750 dd
1025 1700 1079 1760 bec,
1095 1699 1200 1763 quiade
1212 1699 1341 1748 nonnullis

186 1765 344 1829 auspicamus
363 1766 433 1829 quod
450 1767 633 1816 Patrimonium
652 1765 779 1826 Crucifixi,
797 1765 830 1814 de
851 1765 968 1815 manibus
984 1764 1077 1813 noabb
1095 1777 1123 1813 et
1139 1764 1341 1827 predecauorum

186 1835 332 1878 nostrorum
350 1836 486 1894 receptum,
506 1831 575 1895 quod
594 1846 697 1880 suarum
716 1831 884 1880 Ecclesiamrn
902 1830 975 1891 bona,
990 1831 1058 1880 ultra
1072 1845 1175 1879 suorum
1193 1829 1341 1878 victualium

185 1895 330 1954 necesaria,
352 1911 403 1944 non
420 1896 453 1944 ad
469 1900 587 1945 ornatum
604 1896 714 1959 ipsarum
731 1895 899 1944 Frcclesiarum
919 1895 1030 1959 aliasque
1050 1899 1127 1954 prout
1143 1894 1212 1944 Sacri
1228 1895 1342 1944 Oenones

185 1959 334 2022 disponunt,
345 1962 499 2024 expendunt,
515 1967 555 2010 aet
570 1966 617 2010 aut
632 1960 759 2011 luxuriose
775 1965 930 2015 consumunt
945 1966 991 2010 aut
1006 1959 1169 2023 negociantur
1179 1976 1224 2022 per
1239 1976 1266 2008 sc
1282 1976 1341 2024 aup-

187 2025 313 2086 positasve
328 2040 452 2088 personas,
472 2031 518 2075 aut
537 2027 589 2076 auia
608 2026 748 2076 carnalibus
766 2026 933 2086 distribuunt,
949 2030 995 2074 aut
1010 2025 1175 2088 possessiones
1192 2025 1341 2088 temporales

185 2095 340 2152 comparant,
364 2091 485 2140 Ecclesiae
510 2107 568 2140 suas
587 2091 735 2154 hujusmodi
754 2091 827 2139 bonis
848 2091 1027 2140 defraudantes
1038 2107 1046 2149 ς
1068 2089 1210 2154 dequibus
1226 2091 1341 2139 strictam

186 2159 214 2202 et
237 2170 330 2215 veram,
348 2161 474 2218 quantum
492 2156 608 2220 possibile
627 2156 711 2216 inerit,
732 2155 786 2204 fieri
803 2156 899 2205 bustis
918 2156 1127 2219 inquisicionem:
1149 2155 1182 2204 de
1200 2155 1249 2204 biis
1263 2156 1342 2204 eciam

185 2219 320 2282 diligenter
335 2219 469 2283 inquiratis
488 2222 533 2285 qui
550 2222 623 2284 plura
636 2221 732 2270 habent
748 2221 879 2282 Beneficia,
896 2227 983 2270 contra
1002 2220 1218 2270 Constitucionem
1238 2220 1343 2270 concilii

187 2285 315 2332 Generalis
332 2285 443 2348 aliasque
457 2287 593 2336 Canonicaa
610 2286 773 2346 Seneciones;
790 2286 941 2349 prefigentes
957 2285 1115 2350 presentibus
1132 2286 1207 2348 diem,
1226 2286 1342 2335 sinentes

186 2365 245 2398 vcro
257 2351 423 2412 peremptorie
440 2351 547 2400 citantes
564 2351 632 2414 quod
648 2355 809 2414 compareant
825 2366 908 2400 coram
925 2351 1030 2400 Officiali
1046 2356 1140 2409 nostro,
1154 2351 1193 2399 rel
1204 2350 1265 2400 alias
1276 2351 1342 2399 vices

185 2418 284 2462 nostras
295 2421 404 2477 gerente,
416 2416 443 2464 in
461 2416 561 2479 Capella
578 2416 664 2465 Sancti
680 2415 807 2465 Michaelis
823 2416 899 2479 juxta
915 2416 1036 2476 Corricke,
1048 2416 1075 2464 in
1091 2416 1200 2465 crastino
1212 2415 1342 2464 Dominica

185 2494 236 2542 qua
247 2483 366 2528 cantatur
377 2480 462 2530 Latere
477 2481 612 2531 Jerusalem
628 2481 671 2542 [28
688 2481 781 2541 March,
794 2480 877 2542 12731,
889 2481 1093 2544 Dispensadoncs
1104 2481 1176 2530 Sedis
1193 2480 1342 2544 Apostolice,

186 2545 282 2607 siquas
292 2543 396 2604 habent,
408 2546 540 2608 ostensuri,
553 2546 645 2596 facturi
656 2551 682 2595 et
696 2546 822 2609 recepturi
839 2547 908 2610 quod
918 2546 1052 2597 dictaverit
1062 2546 1123 2595 ordo
1136 2545 1222 2610 juris;
1244 2551 1341 2595 contra·

186 2610 294 2658 dictores
306 2616 332 2658 ct
343 2611 455 2671 rebelles,
468 2613 564 2675 siquos
575 2611 727 2672 inveneritis,
740 2628 925 2675 percensuram
938 2612 1135 2661 Ecclesiasticam
1149 2617 1340 2675 compescentes

186 2674 246 2733 Noa,
260 2690 326 2735 vero,
338 2677 609 2733 excommunicacionis,
627 2678 803 2739 suspensionis,
820 2682 867 2726 aut
881 2678 1010 2727 interdicti
1024 2677 1170 2737 sentencias,
1187 2676 1282 2739 siquas
1293 2676 1342 2725 rite

186 2739 296 2788 tuleritis
307 2740 333 2789 in
342 2741 454 2803 rebelles,
461 2758 542 2805 usque
552 2742 584 2790 ad
593 2742 789 2791 satisfaccionem
798 2743 954 2805 condignam,
963 2747 1092 2791 annuente
1100 2742 1214 2801 Domino,
1222 2742 1342 2791 iaciemus

186 2804 363 2853 inviolabiliter
373 2806 508 2856 observari.
543 2807 584 2856 Ad
595 2808 648 2867 bec,
666 2807 726 2869 quia
746 2807 802 2856 vive
818 2808 885 2856 vocis
901 2808 1000 2856 oraculo
1016 2808 1126 2871 quedam
1137 2807 1208 2855 vobis
1219 2823 1264 2869 pro
1275 2822 1341 2855 com·

186 2870 258 2917 mrrni
287 2870 398 2919 utilitate
415 2873 571 2934 exequenda,
596 2888 678 2935 nuper
699 2872 725 2920 in
749 2872 948 2935 Congregacione
975 2872 1133 2921 Prelatorum
1155 2871 1342 2922 cantuariensis

188 2934 350 2983 Provincicet
357 2936 423 2984 Cleri
432 2936 537 2999 provisa,
550 2936 727 2997 commisimus,
736 2952 812 3000 super
823 2952 874 3000 quo
885 2938 960 2986 fidam
973 2937 1043 2986 vobis
1053 2937 1167 2985 adhiberi
1177 2937 1294 2985 volumus
1304 2937 1341 2985 in·

186 2998 337 3059 dubitatum,
350 3004 437 3049 tenore
449 3001 607 3050 Presenciurn
618 3002 723 3064 singulis
739 3002 919 3051 innotescimus
932 3002 1001 3066 quod
1012 3002 1132 3065 quiequid
1143 3018 1188 3065 per
1199 3018 1243 3049 voa
1253 3001 1280 3049 in
1295 3001 1342 3050 bae

186 3068 258 3126 parte
269 3068 370 3127 gestum
382 3066 393 3112 i
395 3066 460 3115 uerit
471 3071 555 3115 ratum
567 3066 723 3125 habebimus,
734 3072 843 3129 gratum,
855 3072 882 3115 st
892 3072 1028 3131 acceptum
1064 3067 1177 3125 Qualiter
1187 3072 1274 3115 summ
1285 3083 1340 3129 pre·

187 3144 244 3177 sens
255 3128 407 3179 Mandatum
425 3136 539 3180 nostrum
552 3131 651 3180 fueritis
668 3132 767 3179 exacuti
784 3133 867 3195 quoad
885 3132 1031 3195 prefixiones
1047 3137 1075 3180 et
1084 3132 1217 3180 citationes
1228 3132 1342 3194 superius

186 3198 328 3252 emutatus,
345 3209 392 3243 nos
412 3195 453 3244 rel
470 3195 605 3245 Officialcm
622 3202 744 3255 nostrum,
765 3197 884 3260 predictis
901 3197 942 3246 dia
958 3203 985 3246 et
995 3198 1056 3257 loco,
1073 3213 1118 3260 per
1136 3196 1230 3245 Literna
1246 3201 1342 3245 vestm

188 3258 309 3307 Potentes
319 3259 411 3308 harum
422 3260 511 3309 seriem
522 3261 679 3309 continentes
690 3260 850 3323 certificetis,
874 3278 949 3325 super
964 3262 1019 3311 aliia
1035 3262 1182 3310 relacionem
1194 3260 1305 3311 debitam
1315 3267 1343 3313 et

188 3322 296 3385 fidelem,
308 3339 367 3417 epm
378 3324 478 3374 fueritis
489 3325 611 3419 zeqrdsiti,
622 3326 720 3413 isctpri.
756 3327 909 3421 Datum‘etc
922 3328 962 3389 (et
972 3327 1070 3423 ruprpb
1087 3324 1139 3377 84¹².
1203 3390 1218 3421 1

221 3453 262 3502 On
273 3469 289 3501 a
300 3454 350 3517 day
362 3454 419 3515 (not
430 3455 523 3516 stated)
537 3455 551 3479 ‘¹
558 3470 643 3505 mense
652 3454 830 3519 Septembris,'’
845 3456 917 3516 1278,
923 3458 967 3507 the
976 3457 1069 3521 Bishop
1075 3457 1182 3520 granted
1192 3472 1224 3505 an
1235 3456 1343 3522 annuity

186 3518 214 3566 oi
224 3518 264 3566 six
272 3519 358 3568 marks
366 3520 382 3543 ‘⁴
391 3519 512 3582 Magistro
539 3558 748 3570 ......
778 3522 879 3570 Rectari
890 3522 998 3571 Ecclesia
1009 3523 1041 3571 de
1058 3557 1309 3571 .......

187 3584 531 3699 ἓῆἓάυῃιιξὴρῗῦἱᾱέἳωιόῗ)
541 3584 623 3634 eidem
639 3586 671 3635 de
688 3586 796 3635 uberiori
814 3584 962 3637 Benefici0.'’
994 3587 1047 3636 'l'he
1059 3587 1162 3637 carelcaa
1178 3586 1258 3636 scribe
1268 3602 1344 3636 never

265 3664 292 3697 m
334 3665 349 3697 e
402 3666 418 3697 n
460 3675 498 3698 .-
532 3684 539 3699 .

219 3712 305 3763 Lite-c
318 3714 422 3763 2-“Ad
442 3716 580 3777 petendum
596 3720 624 3764 et
640 3716 817 3779 recipiendum,
833 3716 935 3766 nomine
954 3723 1047 3779 nmtro,
1064 3722 1167 3766 centnm
1184 3717 1260 3767 libras
1280 3723 1342 3767 ster·

186 3778 324 3841 lingosum,
336 3794 400 3841 quus
412 3779 502 3827 nobilis
514 3780 552 3828 vir
562 3780 687 3829 Dominus
699 3782 857 3843 Edmundua,
870 3781 959 3831 Comes
972 3780 1155 3844 cornubiensis,
1167 3783 1239 3831 nobis
1250 3783 1344 3831 solvere

186 3848 297 3905 tenetur,
311 3845 337 3892 in
351 3844 428 3892 Festo
440 3844 589 3893 Natiuitatis
604 3846 675 3894 Beati
686 3846 809 3895 iohannis
821 3846 936 3908 Baptista
951 3847 993 3908 [24
1008 3848 1026 3896 J
1027 3846 1095 3907 une],
1106 3862 1151 3909 per
1161 3848 1344 3896 ordinacionem

187 3908 353 3958 Serenissime
362 3909 479 3970 Domine,
488 3909 596 3959 Domine
602 3909 727 3971 Alianore,
739 3912 830 3975 Anglie
841 3912 942 3975 Regine,
951 3917 979 3960 et
988 3912 1142 3961 Venerabilis
1153 3912 1235 3961 Patria
1242 3913 1345 3961 Domini

187 3974 367 4023 Bathoniensis
385 3978 412 4023 ct
430 3974 561 4023 Wollensis
579 3975 703 4038 Episcopi,
721 3974 869 4037 Duracium,
888 3977 968 4025 civem
987 3982 1014 4027 et
1032 3982 1195 4026 mercatorem
1217 3978 1346 4026 moreccia

184 4046 303 4089 nostrum
316 4039 427 4089 iacimrm
445 4075 613 4089 .....
631 4046 817 4103 procuratorem
833 4058 878 4090 scu
894 4042 1178 4092 aternaturn-Datum
1188 4044 1256 4106 apud
1268 4042 1344 4091 Hora·

183 4104 262 4170 leghe‚
275 4106 302 4155 in
316 4106 396 4155 Festo
408 4104 494 4154 Sancti
506 4104 625 4166 Barnsbe,
637 4106 751 4169 Apostoli
763 4106 803 4168 (11
817 4106 904 4168 June),
916 4108 994 4166 1280;
1012 4105 1050 4159 97.
