3242 5100
602 617 785 672 caussas
809 617 937 672 mnsx.
1295 604 1341 672 53

183 768 461 848 (demoration-

269 873 385 941 Dirce
395 897 461 962 pro
476 872 653 940 communi
669 873 823 941 utilitate
833 874 974 941 Eooloeic
987 881 1017 940 et
1028 872 1140 960 Rapui
1150 874 1337 960 duplic:-

250 982 322 1027 Anno
334 981 428 1040 eodem,
440 995 471 1028 ex
488 977 604 1028 condicto
620 979 723 1042 majoris
739 979 819 1042 partis
829 979 988 1028 Prelatorum
999 979 1186 1029 cantuariensis
1197 980 1335 1038 Provincie,

283 1044 409 1094 Londonie
429 1049 642 1108 congregatorum,
665 1045 698 1093 ad
716 1059 875 1093 communem
892 1044 1063 1093 defensionem
1082 1045 1190 1094 Foclesis
1209 1048 1235 1093 et
1255 1045 1335 1108 Regni

279 1109 376 1172 Anglie,
397 1110 431 1158 sd
448 1109 558 1171 singrrlss
577 1109 700 1172 Dyocasss
719 1110 829 1172 quedam
848 1109 932 1158 litere
953 1114 1108 1158 emanarunt
1154 1111 1189 1158 Et
1206 1107 1334 1160 Dominus

280 1173 427 1223 Exoniensis
433 1174 533 1236 scripsit
540 1173 589 1222 sub
600 1173 645 1222 hac
656 1173 737 1222 forma
750 1191 756 1223 z
768 1174 902 1234 walterus,
913 1174 1072 1222 miseracione
1082 1174 1175 1222 Divina
1185 1175 1333 1224 Exonieuais

281 1239 424 1302 Episcopus,
447 1239 538 1288 dilecto
560 1237 612 1286 illic
634 1239 754 1301 Magistro
776 1239 805 1288 R.
827 1239 960 1298 Everarde,
980 1238 1086 1288 Officiali
1104 1243 1198 1299 nostro,
1217 1239 1333 1300 salutenn

279 1304 395 1365 garciam,
422 1309 448 1352 et
475 1302 683 1352 benediccionem.
729 1303 794 1352 Cum
822 1303 904 1351 multa
928 1303 981 1351 fieri
1002 1303 1182 1366 prohibeantur
1208 1319 1258 1366 qne
1274 1305 1334 1352 alias

281 1368 399 1417 utilitatis
417 1384 492 1418 causa
511 1373 537 1416 st
555 1367 709 1416 necessitatis
727 1368 839 1428 urgentis
856 1368 962 1417 articulo
980 1368 1168 1430 permittentur,
1187 1383 1238 1417 non
1257 1368 1334 1418 debet

279 1438 361 1482 vester
371 1433 470 1482 animus
481 1432 631 1482 commoveri
643 1433 665 1480 si
676 1432 760 1495 aliqua
769 1432 855 1481 forsan
865 1437 1013 1482 statuantur
1025 1449 1075 1496 qus
1085 1433 1227 1495 diqdorum
1237 1433 1333 1496 judicio

279 1497 400 1546 dudcnm
417 1499 516 1561 sapiant
533 1498 573 1545 vel
588 1512 730 1560 gravamen.
766 1497 834 1545 Hinc
851 1502 891 1546 est
905 1497 1052 1560 quodcum
1067 1498 1182 1560 Regnum
1202 1503 1229 1546 et
1248 1499 1332 1546 Sacer-

279 1562 379 1611 docium
405 1563 459 1626 jam
486 1562 652 1610 diversimode
674 1561 779 1610 diversis
801 1578 886 1610 rerum
907 1562 1040 1611 eventibus
1062 1562 1143 1611 lesum
1170 1563 1283 1611 extiterit
1305 1568 1332 1612 et

279 1628 418 1688 turbatum,
430 1644 458 1676 no
469 1627 588 1690 gravioris
598 1626 698 1675 lesionis
709 1631 736 1674 et
749 1625 942 1675 vehemencioris
953 1626 1105 1675 turbacionis
1115 1627 1193 1675 timor
1203 1632 1230 1675 et
1238 1643 1333 1689 rumor,

278 1692 394 1740 videlicet
410 1693 442 1740 de
459 1691 543 1740 hostili
560 1691 755 1754 alienigenarum
771 1691 881 1739 adventu
898 1691 926 1740 in
938 1692 1016 1754 llegni
1027 1690 1215 1740 subversionem
1230 1697 1257 1740 et
1274 1709 1332 1740 com

277 1756 401 1806 lusionem
412 1756 538 1820 publicam
549 1756 724 1819 indigenarum
731 1756 869 1804 cordatum
880 1757 1006 1816 invaserit,
1018 1762 1049 1804 ut
1058 1757 1174 1816 audistis,
1186 1757 1331 1819 ponderatis

278 1821 394 1884 pisciculis
405 1838 455 1898 quo
467 1822 581 1884 Regnum
593 1827 620 1869 et
630 1821 723 1869 incolas
732 1821 868 1878 universos,
882 1821 931 1868 nisi
942 1837 957 1868 a
966 1821 1073 1869 Domino
1083 1821 1213 1869 defensore
1223 1821 1333 1884 propicio

279 1890 389 1946 tueatur,
401 1886 601 1935 circumveniunt
612 1891 639 1934 et
649 1885 762 1944 attentis,
774 1884 937 1948 prejudiciale
953 1885 993 1934 vel
1009 1886 1143 1934 molestum
1158 1887 1270 1948 reputari
1281 1902 1332 1935 non

279 1951 356 2000 debet
366 1951 387 1999 si
399 1951 482 2014 aliqua
493 1951 526 1998 ad
537 1950 715 1999 relevacionem
730 1955 814 1998 statas
830 1950 940 1998 Ecclesia
951 1950 1093 2012 Anglicane,
1106 1951 1194 2013 quein
1205 1967 1232 2000 se
1243 1956 1271 1999 et
1280 1953 1335 2000 suis

280 2014 439 2064 libertatibus
447 2015 621 2078 multipliciter
629 2019 656 2063 et
664 2015 721 2078 plus
730 2013 804 2063 solito
813 2019 852 2062 est
859 2015 981 2077 depressa,
988 2021 1015 2062 et
1023 2017 1055 2062 ad
1063 2015 1233 2063 defensionem
1242 2016 1333 2076 Patrie,

279 2081 311 2129 ad
320 2081 388 2143 quod
397 2095 604 2142 unumquemque
612 2079 727 2128 naturale
734 2079 809 2127 ledus
817 2078 912 2142 obligat
919 2085 946 2127 et
953 2079 1053 2138 inritat,
1060 2096 1076 2127 a
1084 2081 1144 2128 viris
1154 2080 1333 2129 Ecclesiasticis

278 2145 310 2192 ds
328 2145 399 2194 lionis
415 2144 587 2208 spiritualibus
606 2145 774 2193 oonierrmtur.
810 2144 876 2192 Cum
893 2144 977 2206 igitur,
995 2144 1070 2192 sicuti
1088 2145 1282 2207 supradiximus,
1302 2149 1333 2194 nt

279 2210 389 2258 Ecclesia
399 2210 529 2269 relevetur,
542 2213 569 2257 et
585 2213 616 2257 ut
632 2213 719 2258 eontra
732 2208 927 2270 alienigenarum
938 2208 1041 2257 hostiles
1051 2209 1168 2258 incursus
1178 2211 1230 2272 qui,
1246 2210 1331 2272 cujus·

278 2291 387 2337 cumque
403 2274 546 2323 condicione
562 2275 662 2337 rejecta,
679 2274 733 2322 loco
748 2289 799 2321 non
817 2278 946 2336 parcerent
967 2288 1014 2322 nee
1029 2289 1140 2336 persone,
1156 2289 1215 2322 cum
1231 2275 1332 2323 fortitu·

279 2339 345 2387 dinis
356 2339 477 2402 gravitate
489 2339 570 2388 resisti
580 2339 664 2387 valeat
674 2343 701 2386 et
711 2337 815 2398 virtuts,
824 2339 891 2386 etde
901 2337 1004 2386 consilio
1012 2338 1192 2401 Episcoporum
1204 2339 1334 2402 Regniqrre

279 2405 437 2454 Prelstorum
454 2409 481 2452 et
501 2403 573 2464 Cleri,
592 2419 673 2466 nuper
691 2403 759 2466 apud
779 2402 935 2451 Londoniam
955 2409 1168 2464 congregatorum,
1187 2404 1332 2453 ordinatum

278 2469 365 2518 extitit
375 2473 403 2517 et
412 2469 540 2532 provisum
551 2472 583 2517 ut
593 2483 679 2516 omnes
690 2467 738 2516 viri
750 2466 922 2526 Ecclesiastici,
934 2467 1058 2527 Religion,
1070 2472 1097 2516 et
1107 2468 1150 2516 alii
1160 2467 1270 2516 debonis
1280 2469 1332 2517 suis

279 2533 456 2583 Ecclesiasticis
472 2533 595 2583 decimam
611 2537 716 2595 partem,
733 2533 873 2581 meandum
884 2531 1039 2581 taracionem
1054 2544 1224 2594 communem,
1241 2535 1330 2583 contri·

278 2599 354 2648 buere
376 2599 492 2657 debeant,
515 2598 675 2647 excusacione
698 2598 725 2646 in
747 2598 902 2646 contrarium
923 2598 1026 2646 omnino
1047 2598 1148 2660 rejecta,
1171 2599 1330 2647 devocionem

279 2680 366 2713 eorum
378 2664 404 2712 in
416 2664 554 2712 utilitatem
572 2678 731 2711 communem
746 2667 773 2711 et
790 2663 931 2725 proiectum
947 2662 1077 2725 proprium
1096 2663 1258 2712 Preseutibus
1268 2665 1331 2712 enci·

278 2734 362 2777 tentes
380 2729 526 2792 propensius
546 2728 699 2776 consulendo
720 2728 870 2775 mandamus
890 2728 1010 2790 quatinus
1029 2728 1143 2775 omnium
1165 2732 1332 2789 proventuum

280 2794 511 2843 Ecclesiastioorum
523 2792 646 2841 decimam
659 2797 757 2855 partem
768 2791 895 2855 aliquibus
912 2792 986 2840 certis
1001 2792 1119 2855 personis,
1137 2807 1182 2855 per
1191 2808 1237 2840 nos
1248 2799 1333 2842 aucto·

279 2859 354 2907 ritate
374 2864 459 2907 nostra
479 2858 511 2906 ad
531 2857 643 2920 predicta
664 2857 811 2919 exequenda
829 2858 953 2905 maturius
972 2857 1132 2919 deputandis,
1154 2857 1223 2905 omni
1240 2858 1333 2920 rejecto

279 2923 433 2986 subterfugii
454 2922 590 2979 obstaculo,
613 2922 750 2985 assignetis.
785 2922 899 2984 Insuper,
919 2921 1038 2984 quoniam
1058 2925 1160 2983 tempus
1176 2937 1222 2984 pro
1232 2922 1334 2971 homine

279 2988 431 3051 interpellat,
445 2993 472 3037 et
482 2988 514 3037 de
525 2986 637 3036 hostium
649 2987 760 3035 adventu
772 2987 798 3035 in
807 2987 922 3049 proximo
933 2985 1107 3046 comminatur,
1124 2991 1275 3050 oportetque
1285 2988 1333 3036 sibi

279 3068 337 3101 cum
360 3052 508 3102 maturitate
530 3052 617 3100 debita
638 3051 776 3111 mutatur,
805 3050 916 3113 expedit,
939 3050 1015 3100 sicuti
1037 3052 1165 3113 provisum
1186 3057 1234 3109 est,
1264 3053 1332 3115 quod

280 3118 391 3180 predicte
408 3117 505 3166 decime
527 3116 648 3165 medietas
670 3116 731 3165 citra
759 3116 865 3164 Festum
891 3114 1070 3165 Decollacionis
1097 3116 1183 3165 Sancti
1211 3116 1335 3166 iohannis

279 3183 393 3245 Baptiste
404 3183 447 3242 [29
459 3181 538 3245 Aug]
549 3180 711 3244 persolvatur.
746 3181 843 3229 Datum
859 3182 927 3244 apud
937 3181 1069 3243 Tsnrigge,
1087 3180 1112 3228 in
1127 3182 1236 3230 crastino
1247 3183 1334 3231 Sancti

280 3248 410 3296 laurencii
431 3247 472 3307 [ll
492 3246 568 3309 Aug]
589 3245 664 3294 Anno
683 3246 786 3295 Domini
808 3244 941 3295 Moccuss
960 3250 1058 3308 quarto,
1080 3250 1108 3294 et
1135 3247 1334 3296 Consecracionis

278 3317 362 3361 nostre
373 3312 496 3374 septimo;
515 3308 567 3360 31¹³.

179 3392 423 3458 -Oornmaus‘s
439 3390 565 3457 (litatio
576 3414 631 3455 .·-

248 3496 301 3546 The
319 3495 413 3559 Bishop
430 3496 519 3545 recites
539 3496 564 3558 [9
582 3492 656 3555 Dea¹,
675 3493 749 3555 1277]
766 3492 810 3543 the
827 3493 945 3542 Mandata
962 3493 989 3541 oi
1007 3492 1051 3542 the
1068 3492 1162 3557 Bishop
1180 3494 1208 3543 ol
1226 3493 1331 3546 london

280 3562 366 3620 (dated
384 3567 412 3610 at
430 3561 556 3619 Windsor,
575 3560 618 3623 viij
638 3560 763 3608 Kalendas
779 3558 924 3607 Decembris
941 3559 983 3619 [24
999 3559 1082 3619 Nov.],
1096 3558 1176 3619 1277),
1188 3560 1332 3624 containing

279 3627 323 3675 the
345 3626 464 3675 Mandata
486 3626 512 3675 oi
534 3624 578 3674 the
595 3624 751 3687 Archbislrop
769 3624 856 3685 (dated
872 3628 900 3672 at
916 3622 1126 3686 “Seclingdone,”
1144 3624 1187 3687 xvj
1206 3625 1332 3674 Kalendas

278 3690 422 3740 Decembris
433 3689 476 3753 [16
488 3688 573 3753 Nov.]‚
584 3690 611 3737 in
622 3689 667 3738 the
678 3704 745 3737 same
756 3690 834 3752 year),
849 3693 876 3737 to
887 3688 932 3737 tlre
942 3688 1069 3751 following
1080 3689 1153 3737 effect
1166 3705 1172 3737 ε
1192 3690 1207 3714 “
1215 3690 1329 3739 llemini·

277 3771 334 3805 mus
361 3755 388 3805 in
415 3754 613 3819 Congregaeione
634 3758 720 3803 nostra
741 3753 869 3803 communi
895 3752 995 3802 dudum
1016 3752 1103 3802 habits
1124 3754 1331 3817 Norbamptonie,

278 3820 378 3884 negocia
389 3820 464 3882 varia,
481 3820 620 3869 utilitatem
631 3818 724 3881 pariter
734 3823 761 3867 et
775 3818 896 3867 bonorem
912 3817 993 3867 tocius
1009 3817 1118 3867 Ecclesia
1128 3818 1264 3881 Angliesns
1274 3824 1330 3869 tan·

277 3886 369 3948 geneis,
387 3886 413 3934 in
430 3885 513 3934 medio
529 3884 606 3933 iubes
616 3883 759 3947 proposita:
776 3881 802 3931 in
819 3896 928 3947 quorum
939 3881 1087 3932 execucione
1101 3882 1160 3931 licet
1170 3882 1210 3932 vie
1220 3884 1253 3933 de
1262 3900 1328 3933 com·

278 3950 348 3999 muni
371 3949 473 3999 consilio
495 3948 634 4013 excogitate
655 3948 770 4009 fuissent,
792 3952 820 3997 et
839 3950 984 3997 executores
1010 3948 1108 3996 viarum
1135 3948 1246 4010 ipsarum
1267 3950 1330 3998 varii

277 4015 399 4079 deputati,
416 4014 477 4078 quis
492 4018 578 4064 tamen
594 4014 621 4062 in
637 4013 788 4077 quibusdam
804 4012 911 4077 negociis
927 4027 973 4062 seu
988 4012 1178 4062 executionibus
1193 4014 1330 4063 eorundem

278 4080 350 4129 nobis
368 4080 453 4129 adhuc
471 4079 555 4128 exitus
575 4082 614 4127 est
632 4078 749 4139 incertus,
774 4079 884 4140 quedam
908 4081 995 4126 autem
1013 4078 1115 4141 penitus
1130 4077 1331 4128 inconsummata

279 4146 399 4206 existunt,
421 4147 579 4193 emerserunt
598 4142 676 4191 eciam
703 4144 813 4206 quedam
836 4158 902 4192 nova
922 4155 973 4203 que
994 4144 1026 4190 ad
1048 4141 1201 4191 evasionem
1225 4143 1329 4206 jurium,

280 4210 499 4267 wnmetudinum,
514 4207 668 4269 libertatum,
680 4212 788 4271 etgrave
804 4207 944 4271 periculum
961 4206 1070 4255 Ecclesia
1086 4206 1222 4268 Anglicane
1237 4210 1330 4257 redun-

277 4274 346 4336 dant,
363 4274 528 4324 Frateruitati
544 4276 627 4322 vestm
659 4309 665 4322 .
701 4314 706 4330 .
740 4306 748 4321 .
780 4273 932 4321 mandemus
947 4272 1068 4335 quatinus
1083 4286 1170 4320 omnes
1188 4272 1288 4322 Reuss
1303 4276 1332 4323 et

177 4472 185 4511 ¹
202 4474 243 4525 die
254 4476 324 4527 Jovis
335 4477 448 4542 proxim
461 4481 519 4542 post
529 4476 636 4527 Festum
646 4475 717 4526 Beati
728 4474 851 4526 Nicholai.
