3242 5100
589 554 921 610 ιιιιιιιιιιιιι.
1280 537 1326 606 55

276 705 420 770 hujusmodi
438 709 629 772 conspiracicnis
646 715 797 789 executores,
809 716 913 774 sumpta
929 727 945 760 ι
956 709 1123 760 multitudine
1133 709 1182 760 sibi
1192 708 1325 758 ιιιιιιιιιι

274 773 382 834 audacia,
393 778 516 836 tanquam
527 775 697 824 crudelessimi
713 777 776 836 (ric)
786 776 909 836 lictores,
901 791 928 824 m
939 775 1082 840 prelatos'
1058 791 1124 824 viros
1132 773 1323 834 Fociesiuticcs,

275 851 336 897 qnos
353 839 379 886 in
400 839 516 899 Ecclesia,
538 839 609 888 Locis
628 841 716 899 Sacris,
737 841 890 901 Sanctuario,
911 846 938 890 et
956 841 1060 900 extra,‘
1052 841 1164 890 invenire
1178 843 1324 903 potuerrmt,

274 908 401 966 assumpto
413 904 503 967 spiritu
511 904 609 964 furoris,
619 904 719 954 subito
713 911 843 966 irruentes,
855 906 992 968 evaginatis
1002 906 1090 968 gladiis
1099 912 1126 954 et
1136 905 1190 954 aliis
1197 919 1324 953 armorum

273 969 411 1028 generibus,
434 969 557 1032 quosdam
579 985 666 1018 eorum
691 986 766 1032 super
792 944 889 1019 Altiaia
910 971 1066 1030 inclinantes,
1082 970 1143 1019 alios
1165 984 1325 1033 quocumque

273 1033 431 1096 diffugientes
446 1038 562 1096 poterant
579 1035 697 1096 invenire,
714 1035 832 1085 atrociter
846 1036 1049 1094 vulneraverunt,
1068 1037 1239 1094 verberarent,
1250 1038 1277 1082 et
1292 1033 1325 1082 ad

273 1101 365 1146 terram
383 1104 548 1161 prostrarunt,
563 1105 620 1162 post
642 1101 734 1148 caudas
755 1115 880 1163 equorum
898 1104 1039 1160 traxerunt,
1061 1104 1088 1148 et
1109 1098 1281 1149 inhumaniter
1298 1103 1326 1147 et

272 1163 355 1210 viliter
365 1167 543 1224 ιιιιιιιιιιιιι,
555 1165 702 1226 sangarincm
713 1179 814 1228 quoqne
829 1166 856 1214 in
872 1165 982 1214 Ecclesia
992 1164 1040 1214 Dei
1050 1165 1201 1225 effuderunt,
1213 1163 1323 1226 aliasque

272 1233 367 1276 atroces
385 1228 491 1290 injurias
517 1234 544 1278 et
569 1235 667 1277 metum
691 1230 779 1278 mortis
796 1230 833 1278 eis
852 1230 1003 1287 intulerunt,
1019 1229 1229 1278 sacerdotalem'
1221 1244 1324 1290 insuper

273 1291 387 1340 habitum
413 1309 489 1356 quem
517 1295 650 1356 gestabant
677 1297 786 1357 turpiter
813 1295 1019 1354 dehonestamnt,
1048 1295 1277 1343 extremitatesca

273 1356 368 1406 ciorum
389 1357 441 1406 iere
463 1361 594 1421 usquead
612 1358 724 1408 medium
743 1364 770 1408 ct
784 1360 944 1408 summitates
963 1359 1114 1435 capellorum
1135 1374 1199 1422 quas
1220 1308 1324 1422 quidir

272 1423 407 1496 portabant
416 1423 449 1471 ad
460 1424 565 1473 modum
579 1423 658 1472 rasilis
675 1439 763 1472 corone
774 1429 943 1487 amputantes,
955 1425 1093 1473 sevientem
1110 1439 1197 1472 eorum
1211 1422 1323 1472 furorem

272 1487 297 1534 in
320 1486 396 1536 bruta
417 1488 540 1550 animalia,
567 1489 701 1551 palefridos
728 1489 823 1538 scilicet
849 1493 877 1538 et
897 1505 975 1552 equos
996 1505 1084 1538 eorum
1104 1488 1323 1551 dirigendam

272 1553 429 1612 quorundam
441 1569 472 1601 ex
491 1554 526 1602 eis
544 1569 623 1612 aures,
642 1553 741 1612 caudas,
760 1559 787 1603 et
803 1555 930 1616 superiora
945 1554 1011 1602 labia
1025 1553 1137 1602 letaliter
1155 1552 1324 1612 absciderunt,

271 1618 393 1677 quosdam
412 1633 470 1666 vero
489 1619 675 1676 interfecerunt,
696 1619 757 1668 alios
779 1619 937 1678 mutilarunt,
960 1625 986 1666 ct
1004 1632 1085 1679 usque
1103 1619 1136 1667 ad
1155 1589 1324 1666 deteccioneni

271 1681 365 1730 ossium
382 1683 565 1743 vulnerarunt3
581 1683 722 1746 quinimmo
738 1684 894 1745 sacrilegium
911 1691 937 1731 et
954 1684 1066 1746 rapinum
1082 1699 1111 1731 ac
1121 1683 1169 1731 alin
1180 1682 1323 1730 enormia·-

272 1761 322 1808 qne
343 1747 446 1809 longum
474 1755 510 1796 est
538 1749 905 1803 enumerare-commiserunt,
926 1749 954 1796 in
981 1748 1161 1796 contrrmeliam
1189 1746 1321 1806 Crantoris,

272 1817 445 1874 contemptum
458 1813 572 1873 Ecclesie,
582 1818 607 1860 et
617 1813 787 1862 Ecclesiastice
797 1811 922 1861 libertatis
930 1813 1124 1861 subversionem.
1154 1812 1227 1869 Cum,
1238 1811 1323 1874 igitur,

271 1881 373 1939 propter
391 1876 452 1925 lacti
469 1877 622 1926 evidenciam
644 1879 712 1940 quod
731 1877 893 1926 manifestum
912 1883 939 1926 et
957 1877 1083 1926 notorium
1102 1876 1189 1925 existit
1208 1891 1237 1924 ec
1256 1876 1325 1938 quod

272 1941 342 1989 nullu
359 1941 564 2004 tergiversatione
584 1943 656 1991 celari
676 1943 775 2006 poterit,
795 1947 883 1991 contra
900 1943 1010 2005 prelatos
1029 1942 1166 2001 sacrilegos,
1186 1955 1323 2017 eorumque

273 2011 386 2054 auctores
408 2011 434 2054 et
457 2006 574 2067 fautores,
595 2013 716 2082 tanquam
739 2012 827 2056 contra
853 2008 964 2056 notorios
987 2013 1186 2069 transgressores,
1210 2006 1325 2066 exigente

272 2070 379 2131 justicia,
402 2087 531 2134 possemus
559 2072 639 2120 acrius
664 2073 803 2135 procedere,
830 2071 862 2120 ob
886 2072 1061 2130 reverenciam,
1078 2085 1171 2130 ιιιιιιι,
1188 2070 1324 2144 personalis

272 2135 384 2183 absencia
406 2134 510 2184 Domini
531 2137 612 2199 Regis,
625 2141 652 2185 et
673 2137 790 2186 fiduciam
813 2152 890 2200 quam
915 2137 947 2185 ab
963 2137 1105 2185 intencione
1126 2108 1219 2184 ιιιιιιιιι
1240 2139 1325 2183 ιοιιιι

273 2200 385 2248 totaliter
395 2199 509 2250 abdicare
521 2217 572 2250 non
589 2203 719 2262 audemus,
738 2216 819 2264 quum
837 2206 1030 2277 transgressores
1041 2200 1189 2263 hujusmodi
1200 2205 1226 2248 et
1237 2214 1325 2248 eorum

274 2265 412 2340 complices,
437 2271 564 2314 annuente
590 2265 707 2324 Domino,
730 2267 763 2314 ad
793 2281 835 2314 cor
862 2265 992 2325 reversuri,
1021 2266 1142 2328 condigne
1163 2264 1325 2322 mtisiaciant,

273 2330 444 2378 excensionem
455 2331 519 2394 juris
530 2331 564 2379 sd
573 2335 674 2393 tempus
685 2303 836 2390 differentes,
848 2303 999 2379 Discrecioni
1010 2335 1092 2378 vestre
1103 2335 1149 2379 etc.
1167 2329 1324 2389 mandamus,

274 2394 301 2442 in
312 2395 406 2444 virtute
421 2395 563 2444 obediencie
581 2400 608 2444 et
625 2395 673 2444 sub
690 2411 754 2458 pens
770 2395 887 2444 canonica
904 2395 1009 2443 firmiter
1023 2395 1192 2457 injungentes,
1206 2394 1327 2456 quatinus

274 2474 360 2508 omnes
378 2460 487 2522 prelatos
506 2460 635 2523 sacrilegos
655 2476 713 2508 cum
735 2476 823 2508 eorum
841 2460 984 2508 auctoribus
996 2465 1022 2508 et
1031 2459 1182 2517 fautoribus
1197 2465 1225 2507 et
1240 2473 1327 2506 omnes

275 2525 499 2587 opem,au1ilium
522 2531 549 2574 et
576 2525 714 2586 consilinm,
731 2525 862 2574 srrdacism
883 2531 910 2574 et
931 2525 1084 2583 comitivam,
1105 2539 1164 2573 cum
1186 2523 1327 2573 intencione

273 2590 425 2651 malignandi
453 2590 488 2639 eis
516 2596 663 2653 prestantes,
687 2591 714 2639 in
743 2590 886 2639 Gathedrali
913 2591 1024 2639 Ecclesia
1050 2594 1143 2649 nostre,
1165 2595 1191 2637 et
1213 2589 1326 2651 singulis,

276 2655 417 2716 collegistis
452 2672 480 2704 ac
509 2656 691 2703 Parochinlibus
719 2655 834 2703 Eoclesiis
855 2660 941 2703 nostre
964 2655 1082 2714 Diocesis,
1104 2655 1209 2716 singulis
1232 2652 1327 2701 Diebus

274 2717 418 2779 Dominicis,
436 2720 544 2768 accensis
563 2720 671 2769 candelis
689 2724 716 2768 et
735 2720 841 2783 parisatis
858 2720 991 2782 campanis,
1003 2720 1030 2768 in
1047 2734 1166 2767 canonem
1184 2718 1294 2767 latere'
1275 2733 1327 2766 sive

275 2783 421 2845 incidisse,
414 2800 468 2847 ipsc
483 2786 558 2843 lacto,
577 2785 676 2847 publice
692 2790 719 2833 ιι
732 2785 893 2847 solempniter
909 2784 1033 2833 nuucietis
1049 2792 1074 2832 et
1090 2784 1203 2832 nunciati
1220 2782 1325 2842 iacietis,

275 2864 405 2911 quousque
415 2850 484 2898 aliud
495 2866 510 2897 a
521 2820 592 2897 nobis
603 2849 762 2912 receperitis
754 2865 781 2897 ιι
793 2849 924 2897 ιιιιιιιιιι.
959 2849 1061 2897 Proviso
1071 2848 1140 2911 quod
1154 2848 1245 2897 harum
1256 2853 1328 2895 tenor

275 2919 302 2961 et
328 2915 438 2975 effectus,
464 2920 598 2962 convocato
624 2915 689 2962 clero
717 2914 762 2977 qui
780 2916 883 2962 comode
909 2914 995 2962 adesse
1021 2913 1122 2989 poterit,
1146 2913 1173 2961 in
1202 2912 1328 2975 presencia

274 2952 512 3027 Archidiacoriorum
523 2978 721 3042 solempniterin
738 2978 827 3041 majori
847 2978 955 3027 Ecclesia
978 2978 1108 3027 Exonien
1096 2996 1110 3025 ι
1121 2976 1328 3040 publicetursine

274 3058 349 3091 mora.
387 3045 463 3103 Hauc,
481 3048 567 3092 autem
589 3044 809 3093 denunciacionem
829 3044 861 3091 ad
879 3058 997 3106 personas
1017 3043 1117 3092 Riccrdi
1134 3043 1166 3090 de
1185 3042 1327 3101 Almannia,

276 3108 328 3156 nati
347 3110 421 3170 Regis
437 3082 576 3169 Aimannie,
594 3108 725 3171 Guydonis
744 3108 787 3156 de
792 3108 903 3167 Nonaut,
919 3108 1038 3166 Militum,
1052 3107 1175 3156 iohannis
1189 3108 1221 3155 de
1235 3106 1328 3167 Insula,

276 3172 398 3221 iohannis
414 3174 524 3236 HeJr0n‚
545 3173 658 3221 Mauricii
678 3174 798 3235 Caperon,
810 3178 837 3221 et
854 3145 955 3221 Ric'ardi
975 3142 1078 3232 Oarion,
1090 3172 1141 3234 qui,
1154 3172 1186 3219 cd
1204 3144 1329 3234 greminni

278 3237 386 3285 Ecclesia
402 3239 543 3297 redeuntes,
557 3242 622 3285 stare
638 3238 762 3286 mandatis
779 3236 896 3298 Ecclesie,
908 3238 966 3285 lesis
981 3238 1128 3297 ιιιιιιιιιιι,
1142 3242 1168 3285 ιι
1182 3237 1330 3299 condignam

277 3303 441 3364 penitenciam
475 3318 598 3365 peragere,
631 3298 816 3350 sacramenlrim
843 3302 1008 3365 prestiterunt
1035 3302 1153 3364 coporale,
1184 3301 1329 3349 nullatenus

277 3368 378 3415 extendi
389 3367 511 3416 volumus
555 3368 675 3427 Qualiter,
692 3372 787 3423 autem,
805 3368 954 3415 mandatum
972 3371 1087 3415 nostrum
1105 3365 1205 3414 lueritis
1223 3365 1330 3424 executi,

275 3447 320 3494 per
345 3432 440 3481 literas
462 3438 558 3481 vestras
585 3432 704 3481 Patentes
730 3431 822 3481 harum
847 3432 935 3480 seriem
962 3432 1120 3480 continentes
1147 3445 1193 3479 nos
1218 3430 1329 3479 reddatis

276 3497 400 3546 cerciores.
434 3498 530 3546 Datum
541 3500 587 3545 etc
609 3498 832 3556 lucrumst-98.

181 3614 221 3625 -
238 3576 400 3729 quragnehs
424 3581 557 3642 comm1t
532 3576 615 3643 'tted
638 3576 684 3661 by
713 3576 771 3641 the
801 3576 906 3642 Earl's
934 3576 1086 3642 Steward
1109 3577 1284 3662 againstt
1269 3576 1326 3641 the

319 3685 341 3727 u
401 3700 452 3738 ‚-

247 3766 321 3816 Anno
333 3767 421 3815 ιοιιιιιι
422 3768 509 3831 ,apud
520 3767 600 3832 Clyst,
612 3766 653 3816 die
671 3766 743 3815 Luce
762 3766 877 3829 proxima
895 3771 954 3829 post
970 3766 1075 3815 Festum
1094 3764 1243 3815 Natiuitatis
1254 3765 1330 3814 Beate

279 3832 356 3880 ltlarie
372 3832 482 3895 brrgrnn
499 3832 542 3893 [ιο
561 3832 630 3895 Sept
655 3830 698 3883 127
685 3830 735 3892 74],
753 3830 880 3879 emanavit
896 3830 954 3879 talis
971 3831 1056 3880 Litera
1070 3831 1118 3879 sub
1129 3830 1210 3893 sigillo
1227 3830 1331 3879 Domini

279 3896 466 3972 Escnienna'
459 3912 486 3945 ιι
515 3898 561 3946 ιιι
588 3896 691 3945 forma:
715 3896 850 3956 Walterus,
877 3895 1038 3944 miseraciom
1065 3895 1157 3943 Divina
1184 3895 1332 3944 tironiensis

279 3962 424 4024 Episcopus,
436 3962 535 4011 dilectis
546 3962 603 4010 liliis
615 3960 796 4010 archidiacono
808 3960 941 4022 Ocrnubie,
952 3960 993 4010 vel
1009 3959 1065 4022 eJ'us
1082 3960 1195 4020 Officiali,
1208 3958 1275 4006 M
1289 3966 1330 4009 tro

279 4026 562 4091 JohaunideWJthiel,
574 4026 712 4076 etDecano
729 4026 761 4075 de
780 4026 944 4100 Pcudresyre,
961 4025 1076 4085 salutem,
1094 4024 1210 4088 ganam,
1221 4031 1248 4074 et
1289 4040 1331 4073 ne·

281 4091 424 4141 diceionem.
476 4092 553 4141 Fama
569 4091 698 4141 communi
719 4105 769 4152 quc
788 4091 914 4139 notorium
935 4090 1054 4138 inducere
1076 4090 1178 4138 videtur
1197 4090 1332 4150 deferente,

281 4156 394 4205 dolenter
412 4156 549 4205 referentes
574 4172 655 4233 nuper
677 4156 818 4218 accepimus
835 4156 904 4217 quod
922 4154 1044 4204 Ricardns
1062 4154 1094 4202 de
1114 4155 1230 4217 Seytone,
1253 4156 1333 4214 lliles,

281 4220 437 4270 senescallus
456 4222 553 4270 Nobilis
571 4221 618 4269 viri
637 4220 740 4269 Domini
758 4220 865 4269 Comitis
884 4219 1017 4279 Cornnbie,
1034 4218 1138 4267 dilectos
1153 4218 1217 4267 filios
1234 4225 1333 4268 nostros

278 4286 411 4349 Rogerum,
420 4286 552 4335 Rectorem
559 4286 668 4335 Ecclesia
678 4286 710 4333 de
721 4281 897 4348 ιιιιιοιιιγιι,1
905 4285 1039 4348 Rogerum,
1046 4288 1197 4347 perpetuum
1205 4284 1332 4333 Vicsrium

178 4402 188 4435 ²
214 4404 250 4455 te
271 4406 306 4455 St
329 4405 528 4459 Petraei-minor
547 4406 700 4470 (commonly
717 4404 796 4455 called
816 4404 831 4429 ‘⁴
842 4404 921 4455 ursle
936 4402 1104 4466 Pctherick”)
