3242 5100
298 499 345 572 56
531 517 673 574 arceor
690 497 999 576 aronnacounu's
1016 519 1211 575 asumma

396 675 506 728 Ecclesie
517 679 603 730 Sancti
614 681 713 732 Petroni
724 680 864 743 Bodminie,
875 685 903 730 et
913 681 1041 730 Andream
1051 681 1158 744 Gydion,
1170 680 1328 745 presbiteros,
1339 675 1446 751 conficto

396 747 483 793 centra
502 760 543 794 eos
562 747 716 796 mendaciter
737 747 940 811 transgressionis
957 747 1039 810 pallio,
1057 747 1153 810 injuste
1167 746 1222 810 capi
1240 750 1268 794 et
1286 745 1340 794 diro
1357 755 1448 792 carceri

395 808 532 873 mancipari
543 810 623 860 iacere
633 827 684 860 non
703 813 811 875 expavit,
831 812 859 860 in
877 813 961 860 anime
971 827 1017 861 sue
1032 812 1178 875 periculum,
1191 809 1363 860 Ecclesimtice
1373 807 1447 855 liber·

396 872 458 922 tatis
469 875 644 938 prejudicium,
655 881 682 925 et
691 877 838 926 scandalum
849 877 1022 940 plurimorum.
1048 877 1168 936 Quocirca
1178 876 1250 926 vobis
1260 875 1410 924 mandamus
1420 870 1448 918 in

397 937 493 987 virtute
512 940 661 999 obediencie,
686 941 793 991 firmiter
818 941 982 1005 injungentes
1007 942 1135 1005 quatinus,
1154 940 1260 1004 receptis
1278 937 1448 996 Presentibus,

397 1003 524 1053 monacis
543 1005 613 1054 vobis
636 1005 761 1068 aliquibus
783 1007 895 1070 personis
922 1007 1106 1068 Ecclesiasticis,
1129 1007 1257 1069 prefatum
1279 1002 1446 1054 senescallum

397 1069 520 1117 moneatis
541 1074 568 1118 st
586 1069 718 1119 efficaciter
733 1071 859 1120 inducatis
874 1074 906 1119 ut
924 1071 1034 1135 prefatos
1052 1071 1160 1121 clericos
1178 1071 1264 1120 taliter
1285 1070 1449 1118 moercar-atos

398 1131 465 1181 inim
482 1134 598 1183 triduum
619 1141 677 1198 post
699 1135 865 1185 municionem
887 1141 997 1185 vestram
1023 1137 1120 1196 liberet,
1148 1142 1175 1185 et
1202 1136 1320 1184 liberatos
1341 1133 1368 1181 in
1391 1147 1449 1194 pace

398 1197 519 1248 dimittet
553 1199 673 1262 Alioquin
691 1200 774 1249 citetis
793 1216 853 1250 eum
872 1200 1037 1264 peremptorie
1069 1201 1128 1261 uod,
1148 1201 1261 1263 proximo
1278 1200 1320 1248 die
1340 1197 1448 1261 juridico

398 1267 456 1324 post
473 1263 578 1313 Festum
598 1265 684 1314 Sancti
704 1265 838 1326 Michaelis,
856 1265 883 1314 in
903 1264 994 1329 Majori
1013 1217 1122 1314 Ecdlesia
1142 1265 1285 1324 Ercniensi,
1307 1266 1449 1325 compareat

398 1341 481 1376 coram
492 1328 564 1378 nobis
575 1329 614 1378 vel
626 1330 691 1378 vices
701 1335 800 1379 nostras
810 1334 919 1394 gerente,
936 1346 1012 1394 snper
1028 1330 1153 1379 dictorum
1170 1330 1323 1380 clericomm
1333 1327 1449 1390 capcione

398 1395 425 1440 et
435 1391 583 1443 detentione
600 1409 772 1458 responsurus,
791 1395 905 1444 iactumrs
923 1399 951 1443 et
964 1400 1110 1458 recepturus
1127 1396 1196 1458 quod
1213 1394 1315 1458 justicia
1325 1391 1448 1441 suadebit.

398 1455 470 1506 Idem
481 1474 582 1522 quoque
593 1459 755 1520 senescallus,
761 1459 829 1508 sicut
839 1475 870 1508 ex
881 1459 1009 1522 frequenti
1019 1461 1126 1509 damone
1136 1460 1296 1508 subditorum
1305 1463 1448 1506 nostromm

398 1522 501 1571 auribus
513 1524 605 1572 nostris
616 1524 736 1584 insonuit,
748 1525 806 1588 jura
818 1529 846 1574 et
862 1525 991 1574 libertates
1002 1525 1185 1573 Ecclesiasticus
1196 1541 1259 1573 ausu
1271 1521 1410 1581 temerario,
1422 1521 1449 1568 in

398 1591 481 1636 status
501 1588 609 1638 Ecclesie
629 1593 656 1637 et
678 1589 743 1638 Cleri
765 1589 960 1650 subversionem,
980 1590 1135 1652 impugnare,
1156 1591 1279 1647 mutilare,
1303 1587 1449 1644 diminuere,

398 1651 540 1716 intringere,
563 1659 589 1702 et
608 1658 719 1702 evertere
740 1668 790 1702 non
816 1654 944 1713 formidat,
959 1654 1067 1703 Clericus
1089 1654 1204 1703 videlicet
1221 1660 1248 1702 et
1267 1651 1450 1702 Ecclesiasticus

398 1731 523 1829 paeones,
534 1723 621 1767 contre
631 1733 757 1767 sacrorum
769 1718 901 1767 canonum
917 1724 1022 1779 statuta,
1039 1719 1066 1767 in
1082 1719 1253 1782 personalibus
1264 1717 1406 1767 accionibus
1422 1715 1450 1763 in

411 1795 453 1830 cro
464 1783 568 1832 seculari
580 1799 662 1832 coram
674 1799 700 1832 se
711 1783 738 1832 in
752 1783 878 1846 judicium
889 1784 969 1832 trahit
979 1784 1079 1844 inritos,
1096 1785 1203 1832 mulctas
1220 1789 1246 1832 et
1262 1799 1338 1846 penas
1349 1780 1449 1844 pecuni-

399 1845 463 1895 arias
473 1846 500 1895 in
517 1847 669 1896 immensum
686 1864 729 1912 per
746 1848 883 1910 exquisitas
900 1849 1070 1897 districciones
1081 1854 1108 1896 et
1123 1849 1276 1911 excogitatas
1293 1847 1403 1896 malicias
1419 1845 1451 1892 ab

400 1910 493 1960 eisdem
505 1917 657 1976 extorquet;
673 1913 705 1961 de
722 1914 882 1962 testamentis
898 1918 925 1962 et
941 1914 973 1962 de
989 1914 1062 1962 bonis
1078 1914 1264 1974 defunctorum,
1276 1910 1449 1969 matrimoniis,

399 1975 509 2036 (1001οι10,
517 1981 543 2025 01
554 1978 611 2039 jure
620 1977 781 2038 dedmmum,
790 1978 1009 2027 sacramentorum
1020 1983 1047 2027 et
1058 1978 1281 2028 sacramentalium
1292 1975 1451 2040 percepcione

399 2040 431 2088 de
442 2040 509 2089 facto
525 2042 632 2102 ordinat,
645 2047 672 2091 et
683 2043 715 2091 de
726 2043 822 2091 eisdem
833 2048 859 2091 et
871 2043 926 2090 aliis
937 2059 986 2104 que
997 2043 1030 2091 ad
1041 2043 1125 2091 forum
1140 2044 1341 2091 Ecclesiasticum
1350 2057 1400 2089 non
1411 2044 1451 2088 est

399 2105 506 2154 dubium
518 2107 641 2170 pertinere
652 2123 696 2170 pro
708 2123 753 2156 sue
764 2107 836 2157 libito
848 2107 985 2156 voluntatis
1001 2108 1119 2170 disponit,
1138 2108 1245 2156 Clericos
1261 2107 1339 2155 eciam
1350 2106 1410 2153 alios
1424 2109 1451 2152 et

399 2169 582 2220 Ecclesiasticus
599 2187 715 2235 personas
730 2172 852 2235 injuriose
868 2173 942 2236 capit,
961 2172 1104 2232 incarcerat,
1121 2177 1148 2220 et
1166 2187 1182 2220 a
1200 2173 1352 2234 quibusdam
1363 2185 1451 2218 eorum

399 2249 500 2298 gravem
512 2241 645 2300 extorquet
655 2237 860 2300 redempcionem
902 2237 1035 2300 sacrilegis
1051 2253 1151 2300 quoque
1168 2242 1194 2285 et
1210 2237 1259 2284 alia
1274 2235 1385 2284 enormia
1401 2249 1451 2296 que

400 2301 594 2350 conniventibus
617 2301 695 2350 oculis
714 2302 851 2352 incorrecta
867 2302 1017 2366 pertransire
1033 2303 1158 2360 nolumus,
1176 2302 1250 2349 sicuti
1267 2317 1313 2349 nec
1323 2300 1452 2357 debemus,

401 2365 540 2416 committit
552 2371 638 2415 contra
652 2366 737 2416 Deum
748 2371 775 2415 et
792 2367 929 2416 Canonicas
945 2366 1092 2416 sanocionea
1128 2368 1210 2427 Quare
1220 2366 1292 2413 vobis
1303 2365 1452 2413 mandamus

401 2429 428 2478 in
442 2429 537 2479 virtute
553 2431 695 2480 obediencie
711 2432 829 2494 predicte,
846 2431 953 2480 firmiter
969 2431 1131 2494 injungentes
1148 2431 1268 2493 quatinus
1285 2434 1452 2478 memoratum

402 2494 571 2545 Senescallum
589 2496 672 2545 citatis
689 2495 855 2561 peremptorie
874 2496 943 2559 quod
958 2496 1031 2545 dictis
1049 2496 1090 2545 die
1107 2503 1134 2545 et
1152 2496 1213 2554 loco,
1231 2511 1314 2544 corum
1325 2495 1397 2543 nobis
1413 2493 1453 2542 vel

403 2560 469 2610 vices
480 2566 577 2610 nostras
592 2567 693 2623 gerente
704 2566 853 2626 compareat,
864 2577 940 2624 super
955 2561 1004 2610 hiis
1015 2567 1042 2610 et
1052 2562 1107 2611 aliis
1117 2562 1165 2610 sibi
1176 2561 1312 2609 obiciendis
1323 2575 1453 2622 responsu·

403 2626 616 2753 1111111111
627 2625 1455 2755 ttttutttttttitttttttnintinniit

873 2729 879 2751 1
1083 2730 1090 2753 2

403 2760 550 2817 exequatur.
596 2756 631 2804 Et
647 2756 709 2819 quid
725 2756 783 2805 inde
800 2756 909 2805 feceritis
928 2772 974 2805 nos
991 2757 1081 2805 literis
1098 2757 1187 2805 vestris
1199 2755 1353 2816 Potentibus,
1366 2754 1456 2802 henim

404 2819 493 2868 seriem
512 2820 707 2879 continentibus,
719 2821 866 2881 certificetis,
879 2821 946 2869 diem
962 2822 1111 2884 recepoionis
1130 2821 1288 2869 Presencium
1306 2834 1334 2867 sc
1351 2819 1455 2867 modum

405 2884 551 2933 monitionis
562 2890 589 2933 et
600 2885 728 2934 ducionis
739 2886 833 2934 eisdem
844 2886 987 2935 inserentes.
1021 2886 1117 2934 Datum
1129 2891 1245 2949 utsupra
1254 2886 1327 2933 —tol
1341 2886 1378 2933 56.

373 2972 405 2983 -·
416 2949 591 3011 Commission,
598 2950 709 2999 directed
717 2954 744 2999 to
753 2950 797 2999 the
807 2950 878 2999 Dean
887 2952 937 3000 and
943 2951 989 2999 the
996 2951 1136 3011 Precentor,
1142 2952 1193 2999 and
1202 2955 1229 2998 to
1239 2950 1284 2999 the
1295 2949 1456 2998 Archdeawn

405 3014 432 3063 oi
443 3012 732 3063 Oornwall-Walterns
743 3020 789 3064 etc.
815 3052 822 3065 .
858 3051 864 3066 .
894 3016 926 3064 In
937 3016 1053 3064 omnibus
1065 3016 1174 3064 Domino
1180 3014 1285 3064 Ricardo
1296 3016 1328 3063 de
1339 3016 1456 3076 Seytoue,

407 3078 546 3128 Senescsllo
558 3079 690 3140 Comubie,
703 3084 730 3128 ct
740 3080 795 3129 aliis
805 3080 831 3128 in
844 3080 891 3129 hac
901 3085 972 3142 parte
983 3080 1034 3128 suis
1049 3080 1217 3143 complicibus,
1229 3080 1286 3142 jure
1297 3078 1401 3127 accionis
1412 3094 1456 3125 seu

406 3143 487 3192 officio
505 3144 604 3193 Judicis
621 3144 763 3205 obiciendis,
775 3148 802 3193 et
813 3149 900 3193 contra
910 3145 1010 3193 eosdem
1026 3144 1243 3207 qualitercumque
1254 3143 1419 3207 proponendis
1431 3147 1458 3190 et

406 3208 566 3271 exequendis,
579 3208 649 3257 vobis
660 3208 823 3272 conjunctim,
835 3209 943 3269 (brisim,
960 3210 1083 3271 omnibus,
1100 3210 1206 3270 duobus,
1224 3208 1263 3256 vel
1275 3209 1326 3268 uni,
1344 3222 1407 3269 quos
1418 3206 1458 3255 vel

408 3288 484 3337 quern
494 3278 624 3349 presentes
634 3286 679 3322 seu
691 3278 833 3336 presentem
850 3290 904 3322 esse
919 3274 1058 3337 contigerit,
1075 3275 1142 3323 vices
1159 3278 1257 3321 nostras
1267 3272 1457 3322 committimus

408 3338 439 3387 In
458 3350 534 3401 cujus
552 3338 587 3387 rei
603 3338 777 3387 testimonium
789 3338 950 3387 Presentibus
967 3338 1069 3388 litteris
1085 3339 1195 3415 sigillum
1206 3343 1322 3387 nostrum
1337 3336 1458 3386 duximus

407 3404 722 3465 apponendum-Datum
741 3404 809 3467 apud
833 3403 912 3466 Glyst,
936 3403 976 3452 die
1003 3404 1119 3452 Merum-ir
1141 3403 1254 3466 proxima
1276 3407 1335 3451 aute
1353 3403 1458 3450 Festum

408 3468 494 3516 Sancti
512 3468 644 3528 Michaelis,
664 3468 863 3517 consecracionis
878 3470 970 3516 Nostro
984 3468 1058 3517 Anno
1073 3468 1139 3531 xrij⁰
1150 3467 1193 3531 [26
1209 3470 1288 3531 Sept,
1300 3466 1374 3529 1274]
1385 3483 1392 3525 ;
1405 3462 1456 3517 171).

408 3530 443 3593 [Α
454 3532 505 3581 lilre
515 3533 680 3582 Commission
692 3548 743 3581 was
754 3533 873 3593 directed
886 3548 916 3582 00
930 3533 975 3582 the
984 3533 1111 3597 following
1121 3535 1178 3597 day,
1188 3539 1215 3583 to
1226 3534 1305 3595 Desa,
1317 3532 1458 3593 Prucentor,

405 3598 456 3645 and
467 3596 613 3647 Chaucellor
627 3614 633 3659 ;
651 3595 722 3660 ibid]

309 3756 354 3768 -
367 3716 448 3784 Gom
473 3716 676 3798 0010101000
687 3716 779 3785 10101·
795 3716 987 3817 walterum,
1002 3718 1212 3819 Episcopruu
1223 3718 1458 3795 Ecocieuseru,

398 3811 428 3871 et
476 3804 705 3880 edmundum,
722 3804 884 3871 0010110111
899 3804 1067 3872 00100110
1079 3830 1132 3872 .·-

377 3926 502 3977 Noverint
522 3925 632 3975 universi
654 3930 782 3989 presentes
805 3925 902 3975 Literna
924 3926 1002 3976 visuri
1023 3927 1064 3976 rel
1085 3928 1197 3977 audituri
1218 3928 1295 3990 quod,
1314 3941 1373 3975 curn
1394 3924 1461 3974 inter

408 3991 581 4041 venerabilem
590 3992 691 4039 Patrem
703 3991 842 4041 Dominum
853 3991 1001 4053 Waltenrm,
1009 3992 1176 4041 Exoniensem
1185 3992 1344 4055 Episcopum,
1351 4005 1382 4039 ea
1389 3994 1460 4053 parte

409 4072 468 4118 una,
486 4060 514 4105 et
534 4056 644 4105 nobilem
666 4054 749 4105 virum
771 4056 911 4105 Dominum
933 4056 1106 4118 Edmundum,
1125 4057 1249 4106 comitem
1275 4055 1407 4115 Cornubie,
1430 4068 1461 4103 ex

410 4121 496 4183 altera,
508 4136 584 4185 super
593 4120 745 4181 quibusdam
757 4121 962 4170 contencionibus
973 4126 1000 4170 01
1007 4122 1252 4186 transgressionibus,
1263 4121 1332 4170 dicto
1339 4120 1460 4184 Episcopo

410 4191 438 4234 01
457 4186 566 4235 Ecclesie
584 4186 720 4235 Excniensi
739 4186 822 4247 illatis,
842 4185 946 4235 suborta
960 4186 1050 4235 inisset
1065 4187 1170 4236 materia
1184 4186 1329 4250 questionis,
1348 4201 1377 4234 ac
1393 4183 1462 4233 dicte

412 4252 500 4299 Partes
510 4250 536 4298 in
548 4251 600 4298 alto
611 4255 637 4299 et
648 4251 719 4299 basso
730 4250 842 4311 arbitrio,
853 4251 1012 4309 ordinacioni,
1024 4252 1131 4313 decreto,
1142 4267 1188 4300 seu
1203 4250 1280 4299 laudo
1296 4266 1373 4313 super
1386 4249 1461 4299 dictis

410 4314 615 4364 contencicnibus
626 4319 653 4364 et
663 4315 901 4379 transgressionibus
908 4316 1063 4365 Venerabilis
1073 4316 1155 4366 Patris
1163 4314 1266 4365 Domini
1274 4313 1461 4364 cantuariensis

408 4378 595 4445 archicpiscopi
606 4395 632 4429 se
643 4380 826 4443 submisissent,
838 4381 942 4431 tandem
956 4381 1052 4445 placuit
1066 4381 1184 4433 Partibus
1194 4380 1346 4441 memorstis,
1357 4383 1385 4430 et
1394 4379 1461 4429 inter
