3242 5100
553 573 731 627 onnaaan
747 571 881 625 nenas.
1251 555 1297 624 31

235 728 328 777 Sancto
338 727 467 789 walerico,
476 727 590 777 Galirido
598 727 630 777 de
642 727 808 788 lauckenora
821 724 1006 790 stagnenses
1018 728 1050 777 de
1061 727 1186 789 Belstede,
1198 733 1225 777 et
1236 744 1292 777 con·

236 809 338 841 sensum
349 794 442 856 pariter
458 800 486 841 et
501 809 630 842 assensum
645 792 816 856 prebentibus,
833 791 901 840 idem
917 792 1041 841 Dominus
1060 793 1208 842 Exoniensis
1221 794 1292 857 Epis-

237 874 321 920 copus,
333 874 379 921 pro
390 874 417 906 se
428 864 455 906 et
467 859 638 916 Ecclesium,
651 858 743 914 Priore.
756 857 889 907 Conventa
901 863 927 906 et
940 857 1049 907 Ecclesia
1062 859 1199 917 Bodminie,
1209 859 1293 920 plures

238 923 349 1036 nea
365 921 940 1051 essm

239 1052 332 1111 ticiani,
355 1053 382 1102 in
410 1054 466 1129 ejps
493 1004 671 1116 prejudiciump
690 1052 761 1101 illata
786 1052 864 1100 fnisse
891 1003 1028 1115 pniiibsnit¹
1053 1058 1081 1102 et
1102 1069 1178 1116 super
1200 1005 1253 1102 hiisJ
1274 1059 1300 1102 et

240 1117 294 1166 aliis
316 1117 421 1166 dirersis
439 1117 539 1180 injuriis
558 1117 674 1181 dampnis
691 1122 719 1166 et
739 1117 933 1180 gravaminibus,
951 1117 998 1165 sibi
1018 1123 1045 1167 et
1065 1117 1170 1167 diversis
1188 1119 1299 1180 personis

241 1182 420 1232 Ecclesiasticis
441 1183 551 1242 staltis,
572 1188 660 1232 centn
681 1196 840 1231 communem
862 1181 991 1244 justiciam
1013 1187 1040 1230 et
1062 1187 1149 1232 contra
1170 1183 1300 1233 libertates

241 1248 290 1296 sub
319 1248 479 1296 anathemata
507 1263 634 1296 concessas
655 1263 701 1310 per
721 1247 823 1295 eosdem
852 1246 961 1295 Ballivos
984 1247 1119 1310 periculose
1141 1248 1224 1309 illatis,
1252 1250 1299 1298 Ar·

242 1312 332 1361 ticuloa
343 1313 370 1361 in
387 1312 487 1376 scriptia
505 1313 619 1368 tradidit.
640 1317 668 1360 et
683 1311 799 1360 similiter
813 1311 939 1360 Articulos
958 1327 973 1360 a
992 1312 1089 1375 prelato
1108 1313 1216 1362 Domino
1234 1315 1300 1376 Rege

243 1378 413 1426 Romanorum
432 1376 481 1425 sibi
497 1377 597 1426 dudum
616 1377 729 1437 badius,
746 1377 866 1439 injuriam
886 1377 963 1440 ipsius
983 1376 1099 1440 Episcopi
1114 1382 1140 1427 et
1155 1394 1259 1428 suorum
1279 1379 1300 1427 si

243 1443 296 1490 veri
314 1449 376 1491 sunt
393 1442 558 1501 continentis,
575 1456 660 1491 coram
673 1442 709 1490 eis
722 1441 844 1502 exhibuit,
864 1441 1014 1490 discrecione
1027 1447 1054 1490 et
1070 1443 1195 1492 industria
1214 1459 1300 1492 eorum

245 1507 378 1570 diligenter
393 1507 578 1556 examinandos
613 1507 688 1556 Unde
721 1506 808 1555 reiatis
824 1505 944 1555 Articulis
960 1507 1079 1556 omnibus
1095 1507 1229 1571 diligenter
1244 1524 1301 1557 con·

244 1573 359 1620 sileratis
369 1571 527 1634 etexquisita
538 1571 688 1636 ponderatis,
700 1523 732 1620 ie
743 1571 857 1620 unanimi
869 1587 990 1620 consensu
1001 1577 1029 1620 et
1047 1572 1177 1622 voluntate
1188 1573 1302 1622 omnium

245 1638 422 1700 predictorum,
444 1635 511 1686 idern
534 1637 659 1685 Dominus
679 1635 803 1684 Hemicus
826 1636 1008 1699 querimoniam
1030 1637 1202 1687 Articulorum
1224 1637 1302 1701 ipsius

246 1702 362 1765 Episcopi
389 1701 561 1750 continentem
583 1701 791 1759 vendicacionem,
822 1701 1019 1761 distraocionem,
1046 1701 1229 1763 alienacionem,
1258 1719 1301 1751 seu

246 1767 435 1829 occupscioncm
447 1767 571 1816 bonorum
582 1766 674 1816 Prioris
691 1772 718 1814 et
734 1767 881 1816 Conventus
897 1766 1066 1829 predictorum
1084 1782 1199 1830 expresse
1215 1783 1301 1831 appro-

246 1831 317 1880 barit
334 1836 362 1880 et
379 1832 476 1894 justam
493 1847 545 1880 esse
564 1830 746 1895 pronunciavit,
763 1836 791 1879 at
811 1830 934 1895 quicquid
949 1830 976 1879 in
995 1831 1148 1880 contrarium
1164 1831 1248 1881 tuerat
1265 1839 1302 1882 at·

248 1901 402 1959 temptatum
413 1901 500 1945 contra
510 1896 638 1960 justiciam
649 1897 746 1945 iactum
759 1895 839 1944 inisse
855 1895 972 1956 decrevit¹
985 1900 1013 1944 et
1023 1911 1098 1960 super
1109 1897 1156 1946 hoc
1170 1898 1303 1946 emendam

248 1962 397 2024 condignam
419 1960 474 2009 fieri
490 1961 654 2024 adjudicavit,
672 1965 699 2009 et
721 1961 803 2010 dictos
824 1961 976 2023 Episwpum
995 1966 1023 2010 ct
1042 1961 1154 2010 Priorem
1172 1967 1199 2012 et
1216 1977 1303 2012 eorum

249 2027 370 2075 Ecclesiae
380 2027 407 2074 in
423 2041 499 2075 suum
514 2032 611 2075 statum
627 2025 748 2075 restitnit.
784 2025 866 2088 Super
880 2025 942 2086 aliis,
955 2041 1020 2086 vero,
1032 2023 1153 2076 Articulis
1168 2026 1303 2088 hincinde,

249 2097 280 2139 ut
296 2091 394 2140 dictum
408 2095 456 2148 est,
470 2090 576 2150 traditis,
597 2107 643 2153 pro
657 2106 687 2139 eo
702 2089 772 2166 quod
786 2090 813 2138 in
832 2090 936 2140 diversis
955 2091 1029 2140 tectis
1045 2091 1194 2150 consistunt,
1215 2093 1303 2142 aedem

249 2156 323 2204 modo
342 2156 462 2205 diffinivit
477 2156 546 2219 quod
568 2156 637 2205 iacta
652 2170 794 2219 peripsum
811 2155 851 2204 vel
867 2155 900 2205 ad
918 2156 974 2219 ejus
999 2157 1156 2217 mandatum,
1178 2172 1223 2221 per
1243 2157 1304 2208 elios

250 2220 388 2284 fidedignos
409 2224 437 2270 et
453 2220 580 2281 dumetae,
600 2236 651 2269 non
669 2224 806 2283 suspectos,
826 2219 891 2268 infre
912 2220 1024 2283 proxime
1042 2227 1179 2271 venturum
1199 2223 1304 2271 Festum

250 2285 348 2335 Natalis
359 2285 469 2345 Domini,
480 2301 556 2348 super
566 2300 654 2334 eorum
665 2286 771 2334 veritate
782 2284 946 2348 inquisicione
957 2285 1080 2348 diligenti,
1096 2287 1303 2350 composicionem

250 2356 277 2399 et
287 2351 419 2399 emendam
430 2355 507 2414 prout
517 2351 617 2414 justum
628 2351 707 2398 inerit
717 2350 775 2398 hinc
788 2351 848 2398 inde
861 2349 915 2398 fieri
926 2349 1030 2400 indilate
1044 2367 1073 2401 ec
1084 2351 1165 2401 teneri
1176 2357 1202 2401 et
1213 2351 1306 2402 servari

250 2415 486 2528 fapietinconcpsse
520 2415 603 2464 'senor
618 2415 791 2464 submissionis
808 2414 910 2464 Domini
929 2415 1002 2479 Regis
1021 2413 1187 2466 Romanorum
1200 2417 1305 2480 predicti

250 2480 309 2528 tais
319 2485 373 2537 eet3
387 2482 418 2530 38
434 2515 441 2528 .

217 2573 250 2581 -
262 2546 337 2594 Anno
347 2551 375 2595 et
384 2546 438 2595 loco
446 2545 547 2605 eisdam,
556 2544 617 2595 feria
624 2562 640 2593 v
647 2545 673 2595 in
681 2545 819 2594 cbdomeda
827 2545 987 2596 Pentecostes
995 2545 1092 2609 [“apud
1100 2546 1254 2610 Lugdunum
1260 2545 1306 2584 ''—

249 2614 281 2660 24
302 2612 366 2673 May,
384 2610 466 2672 12741.
477 2610 555 2659 exirit
573 2612 657 2661 Litcra
673 2611 721 2659 sub
736 2610 783 2659 bac
799 2611 880 2659 forma
892 2610 1059 2660 :-Universis
1075 2613 1305 2662 etc-Mandatum

252 2676 427 2724 Penitcnciarii
456 2677 558 2725 Domini
585 2677 651 2738 Pape
678 2675 834 2738 suscepimus
860 2675 887 2723 in
915 2676 960 2724 hec
988 2677 1253 2726 verbm-Venerabili
1280 2680 1306 2727 in

253 2741 353 2789 Christo
381 2740 451 2789 Patri
477 2745 524 2790 etc
580 2741 683 2800 Datum,
711 2740 834 2789 etc-Ad
862 2739 1046 2801 Univereitctis,
1076 2742 1160 2805 igitur,
1189 2742 1307 2793 noticiam

251 2812 339 2853 tenore
366 2806 526 2855 Presencinm
557 2806 674 2854 volumus
699 2805 828 2867 pervenire
853 2805 922 2867 quod
949 2821 994 2853 nos
1023 2806 1127 2869 predicti
1156 2808 1307 2857 auctoritate

252 2870 373 2930 Mondati,
384 2870 472 2919 audita
490 2870 604 2933 ejusdem
621 2870 713 2919 Prioris
724 2870 884 2931 confessione,
902 2871 1008 2934 ejusque
1019 2870 1170 2921 contricione
1182 2879 1208 2922 et
1222 2878 1307 2922 reatus

252 2935 374 2998 qualitate
401 2935 535 2998 diligenter
568 2935 684 2997 pensatis,
712 2934 879 2997 penitenciam
901 2935 1085 2999 infrascriptam
1112 2937 1160 2985 sibi
1186 2938 1308 2987 duximus

252 3000 433 3063 injungendam
446 3017 453 3061 3
468 2999 584 3048 videlicet
594 3001 662 3063 quod
679 3016 737 3049 cum
754 3000 975 3048 exoammunicutis
991 3000 1023 3049 de
1039 3006 1122 3049 cetero
1134 3002 1240 3051 scienter
1256 3018 1307 3052 non

253 3065 429 3124 communicet,
446 3070 473 3114 et
488 3065 557 3128 quod
573 3066 662 3113 diebus
677 3064 845 3113 comitatuum
859 3080 922 3128 quos
933 3064 959 3114 in
977 3066 1063 3126 Bnrgo
1079 3066 1211 3116 Bodminie
1227 3068 1307 3117 teneri

253 3130 389 3193 continget,
401 3136 428 3178 ct
444 3130 498 3178 aliis
515 3130 695 3192 sollempnibus
711 3129 945 3205 congregacionibus
961 3129 1081 3179 laicorum
1092 3131 1124 3179 de
1134 3133 1305 3181 excommuni-

253 3194 352 3243 cacione
373 3200 554 3257 suspectorum,
572 3195 663 3243 Divina
680 3194 766 3243 Officia
787 3195 878 3243 diuma
900 3210 959 3243 cum
980 3194 1113 3259 sollempni
1134 3197 1259 3247 cantilena
1280 3198 1307 3247 in

255 3259 421 3309 conventuali
433 3260 542 3309 Ecclesia
558 3258 690 3308 Bodminie
705 3259 823 3308 celebrari
839 3274 890 3307 non
906 3260 1044 3323 permittat,
1056 3265 1096 3309 set
1106 3261 1230 3311 submissa
1240 3278 1308 3323 voce,

254 3325 344 3373 clausis
360 3325 428 3373 chori
447 3326 524 3385 ostiis,
542 3331 569 3373 et
586 3324 692 3373 exclusis
710 3324 742 3372 de
759 3323 1016 3373 excommunicacione
1031 3326 1125 3375 notatis
1140 3326 1232 3376 Divina
1246 3328 1308 3377 cele·

255 3390 367 3449 brentur‚
379 3396 406 3438 at
417 3390 485 3453 quod
495 3390 563 3438 idem
575 3390 646 3437 Prior
657 3389 683 3437 iu
692 3388 802 3437 Ecclesia
809 3404 856 3437 sna
864 3388 1134 3453 pmdictaasollsmpni
1143 3392 1308 3441 celebracione

254 3455 379 3503 abstineat
392 3470 524 3518 quousque
537 3454 599 3502 dicti
610 3453 819 3503 excommunicati
834 3453 998 3503 absolucionia
1011 3454 1159 3505 beneficium
1171 3456 1310 3506 meruerint

254 3519 374 3581 obtinere,
386 3520 423 3567 rel
436 3519 583 3582 hujusmodi
595 3518 760 3581 penitenciam
773 3518 920 3567 duxerimus
931 3519 1147 3569 committendam.
1182 3522 1308 3583 Ceterum,

256 3589 286 3633 ut
297 3585 364 3633 idem
382 3585 452 3633 Prior
467 3585 494 3632 in
511 3584 552 3632 die
563 3583 650 3633 Sancti
661 3583 759 3632 Petraei
769 3588 796 3632 et
812 3600 843 3632 ex
856 3588 918 3632 tunc
935 3584 960 3632 in
973 3584 1053 3633 iorma
1064 3586 1201 3649 prescripta
1217 3587 1310 3637 Divina

257 3650 335 3712 possit
353 3649 482 3708 celebrare,
499 3649 650 3697 nuctanitate
669 3646 742 3697 nobis
758 3648 784 3697 in
802 3648 848 3697 hac
862 3655 932 3711 parte
943 3648 1081 3713 commissa,
1093 3666 1151 3699 cum
1168 3667 1197 3700 eo
1214 3652 1310 3701 miseri·

257 3715 365 3763 corditer
375 3715 555 3777 dispensamus.
561 3714 687 3763 -Datum
701 3713 819 3775 Lugduni
829 3728 835 3773 3
853 3714 890 3763 55.

152 3822 233 3885 -A
246 3820 463 3885 Commission
474 3841 540 3884 was
552 3819 696 3884 directed
705 3824 740 3883 to
752 3818 809 3883 the
822 3819 998 3884 Treasurer
1009 3821 1044 3885 of
1054 3820 1112 3885 the
1124 3820 1311 3902 Gathedral,

246 3914 282 3971 to
297 3908 352 3971 Sir
366 3906 509 3971 Richerd
525 3906 565 3970 de
581 3905 841 3981 Brendeswrthc,
853 3928 914 3970 one
929 3906 964 3969 oi
979 3906 1036 3971 the
1047 3905 1186 3985 Oenone,
1197 3910 1263 3974 and
1274 3916 1310 3977 to

247 3994 403 4069 William,
424 3992 517 4056 Prior
542 3992 577 4057 of
600 3992 739 4067 Ulcere,l
763 3998 799 4057 to
826 3992 904 4056 hear
924 3992 990 4057 and
1012 3993 1108 4059 settle
1133 4016 1154 4059 a
1180 3996 1311 4083 dispute

248 4080 396 4145 between
426 4079 516 4144 John
546 4079 586 4143 de
617 4079 705 4155 Esse,
730 4078 943 4143 Archdeacon
973 4080 1008 4145 oi
1042 4079 1216 4159 Cornwall,
1246 4085 1312 4149 and

627 4386 635 4421 ¹
651 4387 737 4451 uyve,
749 4386 801 4438 Ma
