3242 5100
532 529 737 594 meceres
762 529 979 592 mersurus.

526 691 972 861 WILLIAMIbRIwERu

171 992 268 1059 Seint
292 994 460 1062 Oreutoek
486 996 553 1061 end
578 916 893 1062 Aliiribiiffdiiit
911 999 947 1062 to
972 995 1030 1060 the
1055 993 1179 1080 Bishop
1203 993 1331 1080 bytho

260 1081 356 1146 Prior
370 1083 407 1148 oi
422 1083 614 1148 Monteorte
627 1109 678 1148 :—

213 1183 337 1233 Omnibus
349 1186 444 1236 Christi
461 1187 577 1236 fidelibus
594 1188 626 1236 ed
641 1203 704 1250 quos
716 1187 844 1250 Scriptum
855 1201 957 1250 presens
972 1184 1115 1249 pervenerit
1126 1184 1214 1233 Frater
1224 1183 1331 1244 Mutus,

174 1247 277 1297 humilis
295 1251 367 1298 Prior
386 1252 478 1300 Montis
499 1253 583 1310 Acuti,
604 1257 631 1301 et
648 1252 761 1314 ejusdem
786 1252 846 1300 loci
869 1249 1023 1310 Conventus,
1045 1255 1157 1299 eternum
1175 1250 1202 1297 iu
1222 1249 1333 1298 Domino

177 1312 433 1365 saltitem-Noverit
446 1317 601 1366 Universites
615 1322 699 1365 vestu
709 1332 761 1377 noc,
773 1316 885 1365 caritatis
899 1316 1004 1375 intuitu,
1016 1314 1048 1364 de
1058 1315 1185 1363 communi
1200 1315 1332 1364 voluntate

175 1383 268 1436 nostra,
283 1395 378 1428 necnon
391 1381 494 1430 Domini
511 1383 616 1430 Abbatis
634 1380 805 1430 Cluniscensis
821 1397 931 1441 ssmnsu,
948 1379 1053 1440 dedisse,
1069 1379 1225 1436 conmisso,
1241 1384 1269 1427 et
1284 1379 1331 1428 bec

176 1443 286 1503 presenti
304 1443 378 1493 Certe
395 1451 480 1494 nostre
496 1446 655 1495 contii-messe
671 1447 732 1504 Deo,
745 1451 771 1494 et
792 1446 901 1494 Ecclesie
915 1445 990 1494 Dente
1001 1443 1111 1506 Virginis
1122 1444 1200 1492 uarie
1211 1449 1238 1491 et
1256 1442 1329 1492 Best-

176 1523 249 1555 orum
264 1509 441 1571 Apostolorum
453 1511 522 1559 Petri
533 1517 560 1559 et
573 1512 650 1564 Pauli.
663 1526 690 1559 et
702 1510 845 1560 Venerabili
854 1511 931 1570 Petri,
943 1510 1052 1558 Domino
1061 1507 1330 1571 Willelmo[Briwere],

176 1573 313 1621 Exoniensi
336 1575 465 1638 Episcopo,
487 1581 514 1624 et
536 1577 592 1639 ejus
614 1576 803 1636 successoribus,
827 1575 948 1637 quicquid
975 1573 1040 1637 juris
1060 1588 1174 1636 unquam
1196 1573 1330 1622 habuimus

175 1637 260 1698 ulique
271 1643 384 1701 tempore
395 1641 522 1703 preterito,
534 1641 573 1689 vel
585 1641 611 1688 in
626 1646 756 1704 posterum
767 1640 851 1702 eliquo
862 1656 920 1688 cseu
932 1640 1023 1688 hebere
1033 1653 1170 1701 possemus,
1181 1638 1207 1686 in
1220 1638 1330 1686 Eccles'm

177 1701 265 1750 Sancti
283 1704 417 1753 Karentoci
434 1705 460 1754 iu
482 1705 615 1764 cornubia,
630 1721 689 1754 cum
706 1705 823 1753 omnibus
840 1704 1001 1767 pertinenciisr
1013 1704 1074 1764 suis,
1093 1703 1163 1751 nullo
1181 1703 1253 1751 nobis
1271 1704 1329 1764 jure

178 1767 281 1828 penitus
295 1767 322 1816 in
339 1771 426 1818 eedem
442 1776 585 1829 reserest03
603 1771 742 1818 habendam
765 1775 792 1818 et
808 1770 944 1818 tenendum
961 1768 1069 1818 Domino
1085 1767 1218 1828 Willelmo,
1229 1772 1257 1816 et
1273 1767 1330 1830 ejus

177 1833 360 1882 successoribus
380 1835 527 1890 Exoniensis
546 1835 655 1884 Ecclesie
677 1835 813 1898 Episcopis,
834 1834 918 1893 libere,
936 1834 1030 1897 quiete,
1052 1833 1157 1895 integre,
1181 1837 1208 1880 et
1223 1831 1331 1895 pacifice,

176 1895 363 1958 inperpetuum.
420 1900 543 1948 Dedimus
565 1899 642 1947 eciam
662 1905 689 1948 et
709 1899 883 1957 concessimus,
908 1903 935 1946 et
956 1898 1003 1946 bec
1025 1897 1135 1958 presenti
1153 1895 1228 1946 Certe
1246 1903 1332 1946 nostre

176 1961 387 2023 confirmavimus,
402 1964 455 2013 Deo
474 1970 500 2012 et
516 1965 624 2013 Ecclesie
641 1965 718 2012 Beate
735 1963 845 2026 Virginis
863 1961 943 2012 Morio
958 1968 985 2012 et
1000 1964 1134 2011 Bestorum
1152 1961 1331 2024 Apostolorum

177 2025 248 2074 Petri
269 2033 297 2075 ct
312 2028 390 2089 Pauli,
412 2034 439 2078 et
462 2029 592 2078 canonicis
615 2029 686 2078 Beati
708 2029 777 2077 Petri
800 2029 955 2088 Exoriensis,
975 2028 1006 2076 de
1028 2027 1156 2076 communi
1180 2027 1281 2074 consilio
1304 2032 1332 2075 et

176 2091 309 2140 voluntate
326 2099 417 2152 nostre,
437 2110 533 2143 necnon
551 2100 579 2142 et
595 2109 696 2142 assensu
715 2092 817 2142 Domini
834 2093 941 2141 Abbatis
959 2092 1134 2151 clarimontis,
1147 2091 1282 2140 Ecclesium
1299 2091 1332 2140 de

176 2154 301 2205 Alternon
312 2157 338 2206 in
357 2159 490 2215 cornubia,
507 2175 565 2207 cum
578 2159 693 2207 omnibus
710 2157 763 2206 suis
780 2157 946 2220 pertinenciis,
963 2162 990 2205 et
1005 2157 1126 2220 quicquid
1136 2156 1201 2219 juris
1217 2172 1330 2218 unquam

178 2219 204 2267 in
217 2221 312 2281 ermom,
320 2222 404 2285 aliquo
414 2223 491 2272 titulo
503 2224 543 2272 vel
554 2223 662 2282 nomine,
675 2223 816 2282 habuimus,
829 2223 868 2270 vel
876 2222 1213 2284 inposterum,quoeumque
1222 2221 1330 2278 nomine,

179 2285 270 2333 lmbere
288 2302 424 2348 possemus,
443 2288 520 2337 nichil
538 2289 609 2336 nobis
625 2287 726 2350 penitus
748 2287 774 2335 in
796 2288 884 2336 eedem
907 2286 1017 2335 lJcolesis
1036 2286 1076 2334 vel
1097 2285 1154 2348 ejus
1172 2286 1332 2348 pertinenciis

176 2355 349 2410 raeervanteu
366 2353 502 2402 tenendum
513 2359 540 2401 et
555 2353 695 2402 habendum
713 2352 825 2415 predicto
839 2352 956 2414 capitulo
973 2351 1110 2400 Exoniensi
1127 2351 1154 2399 in
1172 2356 1331 2414 perpetuum,

177 2415 261 2474 libere,
274 2416 366 2478 quiete,
380 2417 484 2480 integre,
496 2423 523 2466 et
534 2418 640 2480 purifico,
653 2433 710 2466 cum
723 2417 839 2466 omnibus
850 2417 925 2464 rebus
933 2417 966 2464 ed
977 2432 1031 2464 eem
1039 2415 1231 2478 pertinentibus,
1244 2416 1332 2464 usibus

177 2479 227 2527 illis
243 2480 338 2529 scilicet
355 2483 512 2544 profuturum
533 2483 564 2530 ed
582 2499 645 2545 quos
662 2482 785 2531 Dominus
804 2481 954 2540 willelmus,
973 2480 1121 2529 Exonieneis
1140 2481 1285 2543 Episcopus,
1305 2484 1333 2528 et

177 2543 325 2607 Capitulum
346 2547 492 2608 Eroniense,
511 2548 543 2597 de
560 2548 688 2597 communi
706 2563 794 2597 eorum
813 2546 944 2595 voluntate
956 2551 983 2596 et
996 2562 1107 2605 assensu,
1125 2545 1195 2595 illam
1212 2545 1333 2595 duxerint

176 2610 354 2673 deputandam.
401 2613 432 2661 In
452 2613 525 2677 cujus
546 2612 582 2661 rei
608 2618 755 2676 perpetuum
777 2612 924 2660 firmitatem
943 2617 970 2660 et
993 2611 1208 2660 oenfirmscionem
1230 2627 1332 2673 presens

177 2675 306 2738 Scriptum
325 2676 412 2739 sigillis
432 2678 523 2726 nostrie
543 2678 662 2727 duximus
679 2677 985 2726 roborandum-Actum
1004 2676 1079 2725 Anno
1091 2676 1178 2725 Grecie
1198 2676 1331 2725 Millesitno

178 2740 350 2789 ducentesimo
360 2742 485 2791 tricesimo
496 2747 575 2802 sexto,
588 2744 672 2791 Mense
681 2740 698 2790 J
700 2742 752 2791 ulii.

209 2804 336 2855 Endorred
347 2807 401 2855 :·“
411 2808 487 2855 Certe
508 2808 600 2855 Prioris
618 2808 711 2856 Montis
727 2807 803 2856 Acuti
819 2822 895 2869 super
912 2806 1023 2855 Ecclesia
1038 2804 1124 2855 Sancti
1143 2806 1288 2867 Kerentcci,
1305 2811 1332 2855 et

176 2869 306 2919 Altsinon.
342 2871 468 2933 [Stitched
479 2874 505 2921 in
517 2877 545 2921 et
555 2872 599 2921 the
610 2873 660 2921 end
671 2873 698 2921 oi
708 2872 753 2921 tbe
765 2871 899 2935 Register}

177 2983 284 3047 Grent
298 2982 412 3068 bytho
422 2984 545 3069 Bishop
561 2990 596 3049 to
610 2984 667 3049 the
678 2984 916 3050 molosorum
927 2984 1035 3049 which
1047 2982 1089 3049 he
1098 2984 1165 3049 hed
1175 2983 1332 3064 founded,

263 3069 348 3135 hard
363 3070 410 3155 by
423 3070 480 3135 the
497 3072 618 3156 Chapel
633 3070 669 3136 of
685 3072 735 3137 St.
752 3071 929 3148 Laurence,
943 3076 980 3135 et
994 3070 1152 3137 Creditou
1162 3096 1213 3135 :—

210 3174 335 3223 Omnibus
351 3175 443 3223 Sancte
461 3176 549 3223 Matris
570 3176 677 3223 Ecclesie
697 3173 756 3223 filiis
775 3175 806 3223 cd
830 3191 893 3238 quos
911 3176 995 3223 Litere
1013 3180 1141 3238 presentes
1160 3176 1329 3238 pervenerint,

177 3238 320 3287 willelmus
332 3236 470 3302 [Briwere],
486 3241 532 3288 Dei
548 3241 630 3303 grecis
647 3240 795 3289 Exoniensis
807 3240 917 3289 Ecclesie
933 3240 1048 3288 Minister
1064 3240 1176 3297 humilis,
1187 3241 1295 3289 salutem
1306 3241 1334 3289 in

99 3344 102 3351 .
177 3302 266 3351 solutis
286 3302 401 3353 Auctore.
436 3305 542 3353 Noven't
558 3305 713 3354 Universitus
730 3310 813 3353 vestre
829 3319 882 3364 uos,
899 3304 991 3354 Divino
1006 3305 1117 3354 ouritetb
1133 3305 1237 3364 intuitu,
1249 3310 1277 3354 et
1288 3322 1334 3367 pro

177 3368 259 3416 solute
269 3369 354 3417 anime
364 3374 449 3417 nostre
456 3374 483 3418 et
492 3374 677 3419 antecessorum
687 3374 891 3418 etsuccessorum
902 3374 1053 3430 nostrorum,
1063 3370 1210 3419 Exoniensis
1226 3370 1335 3419 Ecclesie

178 3432 368 3496 Episcoporum,
391 3435 495 3495 dedisse,
520 3434 675 3493 concessisse,
698 3438 725 3483 et
741 3435 787 3483 beo
813 3435 922 3496 presenti
942 3434 1018 3483 Certe
1042 3450 1099 3483 mes
1117 3434 1283 3495 confirmasse,
1306 3436 1333 3483 in

178 3496 291 3558 liberem,
315 3514 413 3561 purum.
429 3504 455 3547 et
477 3504 624 3563 perpetuam
644 3500 811 3559 elemosinam,
829 3499 883 3547 Deo
902 3504 929 3548 et
945 3499 1088 3548 Reclusorio
1105 3500 1174 3562 quod
1192 3500 1220 3548 in
1241 3500 1335 3549 honore

181 3562 293 3611 Gloriose
321 3562 431 3627 Virginis
459 3564 536 3613 Meris
557 3564 721 3613 fundavimus
743 3569 770 3613 et
791 3564 969 3625 dedicavimus,
996 3565 1072 3626 juxte
1099 3564 1226 3627 Capellam
1248 3562 1336 3614 Sancti

182 3626 321 3686 leurmcii,
335 3628 362 3677 in
371 3644 435 3677 novo
448 3630 532 3693 Burgo
543 3634 629 3679 nostre
640 3630 672 3679 de
684 3630 820 3689 Cn'ditone,
829 3633 857 3677 et
872 3630 955 3678 Fratri
966 3629 1093 3687 Nicboleo,
1106 3629 1174 3677 illius
1185 3629 1245 3679 Loci
1255 3630 1336 3693 primo

181 3692 290 3753 Incluso,
302 3697 329 3741 et
345 3694 462 3743 ommbue
478 3694 660 3743 successoribus
671 3694 723 3743 suis
739 3694 833 3744 ibidem
850 3693 904 3742 Deo
917 3694 1091 3754 uenientibus,
1109 3698 1194 3743 totum
1209 3695 1252 3756 jus
1268 3696 1337 3757 quod

181 3756 311 3816 hebernus,
324 3758 421 3807 velnos
438 3760 476 3808 vel
492 3775 645 3809 memores
664 3759 752 3817 nostri,
765 3759 918 3808 Exonienses
934 3759 1058 3823 Episcopi,
1078 3758 1170 3808 hebere
1189 3760 1336 3822 poterimus,

182 3820 207 3870 in
219 3826 348 3885 terreque
364 3828 468 3873 vocetur
483 3824 557 3873 Mons
572 3822 698 3885 «loscelini,
716 3824 743 3873 in
760 3823 872 3873 ldenerio
882 3828 969 3873 nermo
984 3825 1017 3873 de
1028 3823 1174 3884 Griditone;
1191 3824 1266 3873 salvis
1280 3829 1337 3874 octo

182 3886 267 3936 solidis
286 3887 465 3952 sterlingorum
484 3889 556 3939 nobis
577 3894 604 3939 et
623 3889 806 3939 successoribus
825 3888 919 3939 nostris
936 3890 1069 3938 annosum
1088 3889 1120 3937 de
1141 3889 1254 3953 predicte
1270 3895 1338 3939 terre

182 3952 425 4013 persolvendis—In
447 3954 521 4017 cujus
538 3954 575 4003 rei
590 3954 765 4003 testimonium
775 3953 887 4016 presenti
900 3954 975 4002 Certe
991 3957 1076 4002 nostre
1093 3952 1203 4016 sigillum
1221 3959 1337 4003 nostrum

183 4016 304 4066 duximus
312 4034 345 4081 sp
377 4019 630 4068 nendum-Dotem
649 4020 718 4082 opud
731 4019 860 4068 Criditone
877 4018 1018 4067 Monetium
1029 4023 1152 4079 nocuum,
1164 4018 1241 4067 tercio
1252 4020 1337 4068 Neues

182 4080 327 4131 Decembris
356 4084 371 4132 3
386 4083 465 4145 Decl,
479 4084 554 4133 Anno
566 4084 652 4133 Grcoie
665 4084 703 4133 M⁰
715 4084 770 4134 00⁰
781 4083 807 4132 xl
819 4083 936 4145 secundo,
948 4081 1146 4133 Oonsecreeionis
1159 4089 1244 4133 nostre
1259 4100 1336 4133 nonc-

184 4146 280 4196 decImo
292 4164 298 4207 ;
310 4163 394 4197 corum
406 4148 514 4198 Domino
526 4148 629 4211 Thomu,
644 4148 820 4198 Arcbidiacorw
833 4148 958 4210 romum
976 4149 1084 4197 Domino
1101 4147 1220 4209 ilenrico,
1233 4148 1337 4198 Thrau-

186 4210 256 4259 ron‘o
282 4212 417 4262 Oriditorsie
440 4220 463 4262 et
486 4213 607 4263 comico
628 4213 732 4269 Emonia
759 4213 880 4277 Magistro
908 4215 1004 4276 Rogero
1028 4214 1060 4261 de
1086 4214 1166 4274 Terin,
1184 4219 1213 4262 et
1229 4213 1338 4264 Domino

188 4276 297 4326 Martino
314 4278 494 4338 Prodhumme‚
513 4277 604 4327 mono
615 4278 762 4338 Canentem
778 4276 889 4327 Domino
907 4278 1049 4342 Benjsmin,
1065 4283 1092 4326 et
1112 4277 1221 4327 Domino
1235 4279 1342 4341 Thome,

191 4340 327 4403 Oopelloeo,
341 4342 480 4393 Orudilom'e
492 4341 638 4403 Genesion
655 4343 764 4392 Domine
774 4343 873 4392 'l'homs
887 4344 920 4392 de
930 4343 1092 4403 Tettebume,
1101 4343 1198 4403 ultim
1215 4344 1341 4393 willelmo

189 4405 212 4454 lc
224 4408 296 4469 Pruz,
307 4408 407 4471 juniore
418 4426 424 4468 ;
443 4408 582 4457 Leurencio
592 4408 643 4456 filio
654 4408 754 4457 Ricerdi
765 4422 771 4465 ;
790 4408 806 4457 J
808 4408 906 4456 chenne
916 4407 969 4456 filio
979 4408 1093 4463 Androm
1112 4412 1138 4456 et
1148 4408 1237 4457 multis
1246 4408 1308 4459 aliis.

221 4472 346 4525 sudorem
358 4473 539 4527 :—Criditone.
583 4472 710 4536 [Stitched
721 4473 748 4523 in
758 4478 785 4523 ct
796 4473 842 4523 the
852 4475 902 4523 end
912 4474 939 4524 oi
949 4473 995 4523 the
1010 4472 1142 4539 Demeter}
