3242 5100
319 535 392 608 488
795 556 998 613 erinnem

418 708 530 760 Deionis
538 726 547 770 ς
562 709 664 772 scilicet,
680 707 818 761 Ecclesium
833 712 866 761 de
882 711 1042 777 Plymptone
1058 712 1092 763 de
1113 712 1267 772 Bruuntenc
1288 714 1317 760 ei
1334 709 1476 760 Reddam

417 775 503 824 eeneii
522 775 644 839 Stephani
662 775 730 825 intre
739 776 821 840 ipsein
832 777 968 827 Civitatem
979 777 1162 835 Exoniensem;
1174 791 1271 827 nemon
1288 781 1316 826 st
1332 775 1476 825 sonim

415 839 447 888 de
459 837 573 889 Oolitone
584 855 591 900 ;
611 855 670 890 euni
690 841 806 890 omnihus
818 842 891 891 terris
902 847 929 892 et
939 843 1043 892 dedmis
1052 847 1081 892 et
1089 842 1165 892 rebus
1176 841 1209 891 sd
1221 857 1264 890 ess
1274 841 1475 904 poetineutsbus,

415 907 470 953 tum
488 904 578 954 liberie
597 910 624 955 et
642 905 741 969 quietus
758 907 791 955 eb
811 906 929 957 omnibus
945 908 1032 971 geldis,
1052 906 1168 971 querelis,
1187 910 1215 956 et
1233 905 1475 965 consuetudinibus,

415 969 482 1018 sicut
497 969 602 1019 inerunt
620 970 777 1034 temporibus
798 971 993 1022 Antecessonim
1008 977 1161 1032 nostrorum,
1181 970 1284 1020 Heniici
1305 970 1390 1034 Regu,
1412 970 1472 1031 Avi,

416 1049 446 1082 eo
462 1034 544 1085 Patn's
560 1035 647 1096 nostri,
658 1035 725 1085 siout
745 1035 821 1086 Certe
831 1035 946 1101 ejusdem
957 1037 1061 1086 Henrioi
1071 1037 1146 1101 Regis
1156 1035 1339 1086 recionshditer
1349 1039 1472 1084 testshir.

416 1097 596 1160 concessimus,
619 1100 705 1157 eciem,
729 1105 756 1149 et
777 1101 979 1150 confirmavimus
1005 1103 1125 1165 predictis
1147 1100 1285 1151 Exoniensi
1312 1099 1424 1149 Ecclesie
1444 1105 1476 1149 et

418 1163 533 1226 henrico,
545 1164 659 1228 ejusdem
671 1163 781 1214 Ecclesie
791 1167 921 1230 Episcopo,
933 1172 960 1215 et
970 1167 1159 1216 Suouoesoribus
1176 1166 1236 1226 suis,
1255 1164 1420 1229 capulatum
1438 1165 1473 1214 de

418 1226 551 1278 Bosehem¹
563 1245 621 1278 cnm
632 1229 705 1279 terris
716 1235 743 1279 et
753 1229 863 1291 decimis,
875 1237 902 1281 et
911 1231 1029 1280 ommhns
1039 1230 1200 1295 pertinenciis
1217 1230 1279 1291 suis,
1294 1245 1354 1279 cnm
1370 1230 1475 1278 liberte·

417 1293 487 1342 tibus
498 1298 525 1343 et
535 1294 620 1343 liberie
630 1295 855 1344 consuetudinibus
865 1296 918 1346 suis
928 1297 1116 1360 imperpetuum
1128 1310 1135 1355 3
1153 1295 1290 1348 tenendum
1300 1300 1328 1344 et
1342 1295 1471 1358 possiden·

418 1358 550 1408 demedeo
561 1359 646 1421 libere,
665 1359 758 1422 quiete,
770 1364 797 1409 et
808 1361 915 1424 pecihoe,
935 1361 1002 1410 sicut
1019 1361 1110 1424 uliquis
1129 1375 1185 1409 enm
1201 1375 1316 1423 unqusm
1334 1359 1427 1410 meiius
1445 1365 1475 1408 et

417 1422 519 1472 liberius
541 1423 632 1474 tenuit
674 1425 757 1485 Quare
779 1426 896 1476 volumus
917 1430 946 1475 et
966 1425 1073 1475 firmiter
1093 1425 1245 1489 precipimus
1266 1425 1335 1488 quod
1357 1424 1473 1488 predicis

418 1489 566 1538 Exoniensie
577 1489 686 1538 Ecclesia
697 1494 724 1540 et
735 1490 863 1553 predictus
875 1491 1006 1547 Henrious,
1017 1490 1131 1554 ejusdem
1150 1489 1259 1539 Eccleide
1279 1489 1427 1553 Episcopus,
1446 1494 1475 1537 et

417 1553 575 1602 Successoree
586 1555 626 1604 sui
636 1559 694 1618 post
705 1569 770 1614 euni,
782 1554 894 1605 hebeunt
904 1561 931 1605 et
950 1560 1150 1604 teneintomnes
1161 1554 1285 1618 predictis
1302 1554 1426 1604 Ecclesiss
1445 1559 1475 1602 et

417 1605 556 1694 prodieiim
576 1618 740 1682 capium
759 1620 791 1669 ie
810 1620 940 1678 henim,
961 1621 1025 1670 eene
1046 1625 1074 1670 e
1095 1620 1123 1669 in
1141 1635 1207 1683 μω,
1233 1619 1310 1668 uuam
1328 1624 1356 1668 oi
1377 1622 1474 1683 qum

417 1687 522 1746 integre,
533 1683 651 1746 plenarie,
663 1689 689 1732 et
705 1683 847 1742 honorifice.
867 1700 925 1734 cum
945 1685 1063 1735 omnibus
1081 1684 1242 1734 libertetibus
1262 1689 1290 1733 et
1311 1683 1396 1733 liberis
1413 1699 1474 1733 onii·

417 1747 594 1797 suetudinibiii
605 1749 664 1810 suis,
676 1749 702 1798 in
713 1749 902 1799 omuibuelocis
912 1756 939 1799 et
955 1751 1030 1799 rebus
1049 1751 1082 1799 ed
1101 1766 1143 1799 ees
1161 1748 1474 1812 pertinentibus-'festi-

417 1811 475 1872 bus,
486 1812 610 1877 Philippo,
623 1814 787 1864 Dunelmensi
800 1814 930 1878 Episcopo,
943 1815 1055 1864 Geiirido
1067 1815 1130 1864 Filio
1141 1815 1218 1875 Petit,
1230 1814 1374 1872 etc-Nos,
1393 1813 1476 1877 igitur

418 1874 572 1928 Dounoiones
583 1883 610 1926 et
621 1878 795 1928 concessiones
806 1880 932 1942 predictis
942 1885 1010 1929 retus
1021 1880 1141 1929 hebentes
1152 1883 1180 1929 et
1188 1884 1280 1943 gretes,
1291 1894 1333 1927 eis
1342 1894 1389 1942 pro
1399 1879 1476 1928 noi'n

417 1945 444 1990 et
460 1942 596 1993 heredibus
613 1943 712 2005 nostrie,
730 1949 856 2020 quantum
867 1945 894 1993 in
904 1945 976 1994 nobis
996 1950 1043 2003 est,
1062 1944 1222 1994 concedimus
1239 1949 1266 1993 et
1285 1943 1474 2003 confirmemus

418 2005 485 2056 sicut
496 2007 571 2058 Certe
581 2007 692 2072 predicte
700 2008 884 2059 racionabiliter
891 2010 1117 2060 testentur-Hiis
1124 2008 1476 2068 Teshbun-Vmersbilibm

417 2071 535 2185 {utribus
549 2073 675 2167 ¹W[ultero
692 2072 724 2122 de
745 2073 833 2138 Gmyl,
853 2074 1003 2125 liboreoensi
1021 2074 1220 2138 Arcbiepisoopo,
1236 2073 1285 2133 W.¹
1297 2074 1476 2138 Wygorniensi

440 2151 547 2202 P¹⁸⁰⁰P⁰i
570 2143 618 2188 θω·

351 2327 459 2389 minor‚'’
484 2329 530 2380 voi
553 2329 579 2391 ii,
603 2331 652 2392 ⁸4),
675 2331 752 2381 reieis
774 2337 802 2381 to
824 2332 869 2381 the
951 2334 996 2384 the
1008 2334 1109 2385 Ohurch
1120 2334 1147 2383 oi
1162 2335 1208 2384 the
1222 2335 1317 2394 'l'own;
1333 2336 1406 2385 there
1422 2353 1474 2386 sins

351 2396 421 2460 early
432 2394 588 2445 subdivision
599 2395 626 2450 oi
638 2395 690 2446 this
698 2401 769 2460 great
781 2397 869 2447 timor
951 2414 984 2449 no
1003 2399 1204 2449 Perish·0huruh
1215 2400 1243 2448 of
1261 2402 1277 2424 “
1286 2401 1473 2466 Piympton-si

352 2460 445 2523 (which
456 2475 507 2510 wie
518 2460 577 2510 held
593 2460 629 2523 by
641 2461 686 2510 the
704 2461 772 2525 King
785 2467 814 2512 et
825 2462 869 2512 the
955 2466 1024 2527 Μαι]
1035 2465 1049 2485 ”
1065 2470 1094 2513 st
1105 2465 1164 2514 imi
1175 2465 1245 2515 time.

351 2525 415 2577 time
426 2525 453 2575 oi
468 2525 514 2576 the
530 2525 674 2591 Domeeday
690 2525 806 2592 Surmy),
819 2529 870 2577 end
920 2528 928 2559 ¹
947 2531 1039 2579 “Note
1050 2529 1320 2593 Bosehem’'-sierpiii
1338 2532 1472 2592 (Grundis-

351 2607 410 2655 seys
421 2591 480 2640 thet
496 2591 540 2641 the
557 2596 608 2640 two
624 2598 751 2641 esruoetes
764 2593 824 2642 held
835 2594 870 2657 by
954 2595 1018 2655 sont

352 2656 397 2707 the
420 2656 489 2719 King
506 2656 534 2705 in
551 2656 677 2715 demessis,
696 2660 798 2720 together
815 2661 873 2707 niet
924 2659 1013 2709 ²'1¹hie
1035 2661 1050 2683 “
1063 2660 1093 2708 W
1106 2660 1120 2679 '²
1144 2661 1165 2709 ie
1187 2660 1342 2723 smbiguous.
1377 2662 1476 2713 Wsiter

352 2721 390 2772 tie
412 2720 543 2771 idimon
564 2720 593 2784 os
613 2722 652 2772 iic
681 2722 784 2781 Choreb,
807 2738 872 2771 were
955 2725 988 2775 de
1010 2725 1085 2787 Grey,
1104 2725 1260 2788 Arohbishop
1274 2726 1301 2774 oi
1320 2726 1386 2775 York
1404 2728 1473 2786 (con-

415 2786 459 2835 ted
475 2786 510 2849 by
532 2786 600 2849 King
624 2788 711 2851 Henry
734 2788 753 2835 1.
778 2792 805 2837 to
827 2788 872 2836 the
955 2790 1067 2839 oemsted
1099 2790 1126 2838 in
1162 2791 1243 2850 iiie),
1273 2790 1323 2839 snd
1360 2790 1475 2843 william

353 2802 449 2915 ffiop
472 2852 498 2899 of
520 2852 637 2907 Exoter.”
670 2853 730 2901 ind
762 2853 871 2901 William
954 2856 987 2903 de
1008 2855 1076 2903 Blois
1093 2854 1262 2915 (consecreted
1280 2855 1475 2915 intimanti

354 2916 509 2978 Werelwast,
529 2916 585 2966 who
690 2952 696 2964 .
722 2917 780 2965 died
800 2918 871 2979 1137,
956 2919 1051 2968 Walter
1078 2918 1212 2981 Centilupe
1241 2920 1408 2979 (consecrated
1447 2924 1474 2971 in

354 2980 589 3045 grentedthesime
606 3017 612 3030 .
630 3018 636 3031 .
656 3018 661 3028 .
680 2982 872 3031 tothecenons
957 2984 1037 3045 1167),
1061 2984 1167 3047 Bishops
1188 2984 1216 3033 oi
1243 2985 1388 3046 worcester,
1409 3004 1477 3036 were

356 3046 465 3109 Regulnr
485 3047 513 3095 oi
535 3046 696 3109 Plympton.”
739 3047 801 3095 'I'hi's
823 3064 873 3096 wne
955 3048 1171 3112 contemporaries,
1199 3055 1269 3113 temp.
1305 3051 1382 3099 Henr.
1421 3050 1474 3103 Π1.

355 3111 440 3160 before
466 3110 512 3161 the
539 3110 601 3160 time
629 3112 656 3159 oi
682 3112 751 3161 John
774 3113 824 3160 end
846 3113 874 3161 oi
955 3114 1017 3163 This
1039 3114 1145 3163 Chirter
1165 3118 1237 3162 must
1263 3114 1389 3165 therefore
1409 3116 1477 3167 hsce

355 3176 445 3239 Henry
467 3175 514 3229 ΙΙΙ,
563 3175 615 3224 But
633 3176 685 3225 this
702 3176 802 3226 Churoh
824 3194 873 3226 wne
957 3180 1018 3227 been
1037 3179 1114 3227 dsted
1133 3178 1246 3228 between
1267 3180 1330 3230 1218
1346 3182 1398 3229 end
1410 3184 1476 3233 1255

356 3241 400 3291 the
422 3241 522 3305 subject
545 3240 572 3289 oi
594 3240 709 3303 disputes
732 3242 771 3290 till
801 3242 871 3293 1367.
957 3244 993 3301 (in
1006 3243 1086 3293 which
1096 3259 1156 3320 peni
1171 3244 1216 3293 the
1227 3244 1385 3309 Archis'shep
1395 3247 1476 3311 died).

356 3307 382 3356 It
401 3305 452 3354 will
474 3306 506 3354 be
524 3306 603 3355 noted
625 3306 684 3355 thet
706 3307 750 3355 the
771 3307 873 3356 Ohurch
956 3309 1052 3358 Walter
1073 3308 1169 3357 Giffurd
1191 3308 1292 3358 hemme
1317 3311 1477 3379 hrchhishop

355 3372 383 3420 oi
399 3370 569 3486 Plpmie,
580 3370 639 3431 eleo,
656 3371 773 3420 included
784 3372 810 3420 in
829 3371 873 3420 the
956 3380 1025 3436 tenp.
1046 3373 1123 3423 Henr.
1137 3373 1195 3432 HL,
1205 3374 1255 3423 but
1272 3374 1299 3424 in
1317 3376 1391 3436 line,
1410 3378 1480 3429 cit«

354 3437 433 3486 above
537 3452 555 3486 i.
593 3436 654 3486 This
668 3452 725 3498 wne,
737 3438 764 3486 oi
778 3453 872 3498 course,
957 3438 1204 3503 Centilupe'sdeeth
