3242 5100
652 565 822 622 emnam
844 565 968 622 moun
1334 547 1380 618 61

327 718 455 782 momnis,
480 719 700 785 Indulgendum
727 735 829 786 quoque
855 721 1027 772 Romanorum
1053 719 1215 782 Pontificum,
1231 734 1329 770 necnon
1353 725 1381 769 et

327 784 433 836 eliorum
460 786 611 836 Sanctorum
633 787 739 836 Petrum
762 786 893 850 magnifice
921 788 1010 836 demta
1032 784 1166 848 mnodum,
1188 784 1381 835 suceedentibus

328 854 471 913 temporum
483 851 611 901 cuniculis
620 852 648 900 in
659 852 761 901 dotibus
772 852 849 915 lnpsa,
857 852 986 915 cultuque
997 851 1090 901 Divino
1099 851 1234 911 diminnm,
1240 865 1269 899 ac
1278 850 1383 913 pristine

328 914 451 977 dignitate
465 916 577 980 spoliata,
596 917 720 980 gemitum
736 916 852 966 columbe
870 932 916 980 pro
937 921 1014 966 cantu
1033 917 1153 965 emittens
1171 915 1303 965 exulatum
1324 915 1382 979 ejus

329 981 443 1029 decorem
466 981 568 1044 plnnctu
591 981 721 1032 lacrimoso
735 981 857 1045 deplorat,
879 981 1037 1031 suvencionis
1053 981 1193 1030 remedium
1214 979 1382 1044 prestolando.

329 1045 391 1105 Nus,
402 1045 487 1108 igitur,
498 1047 554 1110 ejus
566 1047 678 1109 planctui
688 1052 715 1096 et
726 1047 839 1109 suspiriis
849 1047 891 1110 pio
902 1045 1074 1110 conpacientes
1084 1046 1184 1103 affectu,
1201 1061 1276 1109 rugas
1291 1041 1381 1108 ipsius¹

330 1109 446 1159 salutaris
457 1111 580 1174 unguenti
589 1112 741 1161 reci-sacione
751 1112 823 1160 linire
834 1111 970 1174 cupientes,
982 1115 1117 1160 extenuata
1125 1111 1181 1174 ejus
1190 1110 1285 1159 viscera
1295 1109 1381 1160 debito

330 1173 438 1224 filiorum
457 1191 563 1225 numero
581 1176 774 1226 misericorditer
792 1176 979 1240 impregnando,
991 1191 1035 1225 sex
1054 1176 1177 1226 Genoniss
1193 1179 1221 1224 et
1239 1175 1381 1224 Prebendas

330 1239 462 1290 duodecim
470 1241 582 1304 antiquis
590 1241 650 1290 olim
656 1241 752 1290 ibidem
760 1240 927 1290 existentibus
935 1241 1033 1290 dudum
1042 1241 1203 1304 adjungendo
1210 1240 1383 1289 statuimuset

331 1305 466 1354 statuendo
478 1306 650 1369 adjunximus,
658 1306 797 1355 secundnm
810 1321 945 1355 numerum
956 1311 984 1355 et
993 1309 1090 1355 stetnm
1101 1306 1201 1354 dimum
1210 1305 1382 1368 antiquorum,

330 1373 358 1418 et
366 1369 501 1419 Ecclesium
512 1371 544 1419 de
553 1371 694 1434 Eglosheyl,
701 1372 775 1434 cujus
781 1371 921 1420 Advooacio
931 1371 965 1420 ad
971 1386 1082 1420 mensem
1092 1371 1263 1434 Episcopnlem
1270 1370 1383 1419 noscitur

331 1435 463 1497 pertinere,
475 1435 556 1485 eidem
567 1436 676 1485 Ecclesie
688 1436 856 1486 Criditonensi
864 1436 981 1485 canonice
991 1436 1221 1512 appropriavimus3
1237 1435 1383 1484 ordinantes

332 1502 365 1547 ut
377 1499 469 1563 singuli
486 1515 529 1549 sex
547 1501 727 1550 Canonicorum
743 1517 806 1564 quos
825 1502 857 1550 de
874 1516 940 1550 novo
954 1515 1093 1550 crmumns
1100 1501 1210 1564 singtrlss
1224 1515 1269 1549 sex
1287 1515 1383 1549 merens

331 1579 435 1624 annues,
446 1565 576 1628 stsinguli
587 1567 722 1614 eorumdem
742 1565 896 1616 viciniorum
915 1565 1027 1628 singulm
1044 1565 1133 1627 viginti
1151 1565 1318 1623 solidos,cum
1329 1564 1384 1613 aliis

332 1629 464 1678 duodecim
486 1631 596 1690 Vicsriis,
614 1631 776 1679 conferendos
797 1631 898 1680 nomine
923 1631 1052 1680 Prebende
1073 1635 1101 1680 et
1119 1629 1223 1690 Vinaria,
1245 1629 1384 1693 pereipiant

332 1694 471 1744 annuatim.
485 1693 603 1755 Ἷιιτιιιιι,1
611 1695 670 1759 quie
678 1695 774 1759 pretate
783 1695 892 1744 Ecclesia
900 1696 932 1745 de
939 1695 1073 1760 Eglushsyl
1083 1694 1199 1744 redditus
1209 1699 1236 1744 st
1246 1698 1384 1758 proventus

333 1759 365 1806 nd
376 1774 451 1808 onere
466 1759 591 1809 dictarum
608 1776 651 1809 sex
669 1761 855 1810 Prebendarnm
871 1776 922 1809 non
939 1760 1075 1820 sufficiunt,
1087 1761 1192 1810 eandem
1204 1759 1340 1809 Eccledm
1350 1760 1383 1809 ad

332 1823 467 1885 antiquum
479 1829 576 1874 statum
587 1826 742 1886 reducentes,
752 1830 783 1875 ut
794 1830 885 1874 auctus
896 1826 1078 1875 canonicorum
1088 1839 1209 1874 numerus
1219 1825 1252 1874 de
1262 1824 1384 1874 sufficien·

334 1887 403 1936 tibus
414 1893 440 1937 et
450 1890 524 1938 certis
535 1890 698 1953 proventibus
709 1906 781 1940 suam
792 1890 931 1954 percipiunt
942 1890 1094 1952 Porcionem,
1105 1890 1160 1939 leco
1176 1889 1256 1953 ipsius
1274 1889 1384 1938 Ecclesia

334 1953 366 2002 de
377 1953 512 2018 Eglesheyl
523 1955 649 2004 Ecclesisn
669 1955 701 2003 de
721 1955 934 2016 lannante(sic),
952 1955 1027 2019 cujus
1045 1956 1244 2006 Advocscionem
1254 1969 1313 2004 eum
1328 1954 1385 2018 ejus

334 2019 1334 2150 suuuzuuuuuuluuuiuuslum
1248 2025 1275 2070 ⁰‘
1285 2035 1383 2148 θοι’ἓϊι

1377 2121 1384 2146 Ι

333 2149 449 2198 csuoniee
465 2149 653 2211 adquisivimus,
667 2165 716 2213 que
731 2151 763 2199 sd
774 2155 887 2199 nostram
901 2155 999 2213 spectet
1017 2150 1183 2211 eossndonem,
1194 2165 1254 2200 cum
1268 2149 1386 2199 omnibus

334 2214 366 2261 ad
377 2229 432 2262 eam
439 2214 617 2277 spectantibus,
626 2215 764 2264 immunem
773 2219 799 2264 et
807 2215 943 2278 quietnma
954 2215 1108 2279 prestacione
1117 2215 1243 2278 pensionis
1250 2215 1385 2276 antediote,

335 2277 443 2327 Ecclesie
465 2278 633 2328 Oriditouensi
663 2286 690 2329 et
719 2279 834 2343 ejusdem
861 2280 921 2329 Luci
942 2281 1081 2340 canonum,
1103 2279 1253 2330 dilectorum
1274 2281 1384 2330 illiorum

334 2340 429 2392 Decsni
444 2348 471 2392 et
488 2343 599 2407 Capituli
614 2345 693 2394 nostri
705 2344 853 2394 Exoniensis
869 2346 902 2394 ad
918 2345 965 2394 hoc
979 2346 1112 2394 accedente
1126 2361 1248 2394 consensu
1263 2345 1383 2409 legitimo,

335 2423 380 2470 pro
390 2408 471 2457 salute
481 2408 563 2458 anime
574 2413 659 2458 nostre
670 2415 697 2458 et
707 2409 848 2458 animarum
863 2414 1047 2458 antecessorum
1059 2415 1210 2471 nostrorum,
1220 2411 1385 2460 attestedone

335 2473 456 2534 presentis
479 2473 607 2536 Scripture
628 2475 828 2551 appropriscinne
847 2479 967 2537 perpetue
982 2475 1153 2538 adjungimus,
1174 2480 1202 2524 et
1223 2476 1386 2539 adjunctione

335 2538 450 2614 canonica
468 2538 623 2615 adnectendo
640 2539 832 2589 irrevocabiliter
847 2539 1082 2617 appropriansus,·in
1096 2540 1208 2617 proprios
1221 2557 1291 2598 usus,
1304 2541 1385 2619 pleno

335 2605 728 2732 luntitffilllt
737 2606 1387 2733 utltffuttltplmnwtufflts

335 2732 492 2793 consistente,
508 2750 551 2797 per
566 2750 611 2783 nos
626 2740 653 2783 et
667 2750 819 2784 successores
838 2740 936 2784 nostros
954 2736 1059 2798 ydoneis
1070 2736 1192 2795 Personis,
1208 2736 1292 2785 omnia
1310 2752 1386 2786 onera

335 2798 458 2847 ordinarie
470 2798 556 2847 debita
574 2804 600 2847 et
615 2804 733 2848 consueta
752 2804 874 2863 perpetuo
890 2800 1089 2863 agnoscentibus,
1100 2800 1217 2849 canonice
1227 2801 1384 2853 conterende.

337 2862 412 2911 Porro
434 2878 511 2911 unum
531 2879 612 2912 acram
632 2864 796 2927 Anglioenam
817 2870 884 2913 terre
901 2865 927 2913 in
945 2864 1012 2914 Villa
1030 2866 1204 2927 dsPenbegel,
1220 2881 1270 2929 que
1288 2867 1385 2930 vulgnn'

336 2927 462 2991 ydiomete
479 2964 485 2977 .
508 2965 514 2977 .
533 2965 538 2978 .
556 2965 562 2977 .
580 2966 585 2978 .
605 2926 716 2990 'dicituu
726 2935 752 2979 et
758 2945 835 2992 quem
844 2945 875 2978 ex
881 2930 947 2979 done
956 2934 983 2978 et
989 2930 1145 2979 concessione
1155 2930 1281 2979 dictorum
1292 2931 1385 2981 Prioris

337 2997 363 3041 et
374 2992 527 3053 Conventus,
535 2998 567 3042 ut
578 2994 737 3057 prediximus,
750 3010 801 3043 une
812 3010 871 3043 cum
888 2995 986 3056 prefata
996 2994 1168 3043 Advocacione
1179 2995 1278 3044 dudum
1289 2995 1385 3046 inimus

336 3057 450 3117 assecuti,
467 3063 494 3106 et
510 3058 593 3121 ipsum
609 3059 651 3121 jus
667 3064 817 3121 patronatus
838 3060 866 3108 in
890 3059 991 3121 signum
1015 3058 1087 3108 tituli
1111 3060 1198 3119 noemi,
1214 3061 1385 3123 proteccionis,

336 3122 462 3183 usmetis,
473 3138 517 3171 seu
529 3123 679 3172 defensionis
690 3129 782 3184 nostre,
794 3124 867 3172 nobis
877 3128 905 3172 et
914 3124 1096 3173 successoribus
1106 3140 1267 3175 resenamus
1302 3126 1384 3175 Adici·

335 3186 399 3235 endo
421 3202 521 3250 quoque
548 3188 684 3237 statuimus
706 3192 732 3237 et
759 3188 894 3237 statuendo
921 3189 1066 3237 ordinemus
1093 3193 1123 3238 ut
1147 3190 1317 3252 predictorum
1341 3207 1386 3241 sex

336 3251 517 3301 canonicorum
557 3252 691 3312 Prebende‚
726 3258 752 3302 et
792 3254 939 3302 eorumdem
976 3253 1132 3303 vicariorum
1172 3254 1304 3304 Porciones
1342 3272 1387 3319 per

336 3332 425 3365 manus
447 3318 602 3366 Preesntoris
630 3318 825 3367 Cridistonensis
852 3318 897 3381 qui
924 3334 969 3381 pro
996 3323 1109 3381 tempore
1135 3318 1221 3380 inerit,
1248 3320 1387 3370 dummodo

336 3381 498 3445 personaliter
514 3383 629 3441 resideat,
652 3383 762 3446 alioquin
779 3399 824 3446 per
841 3398 932 3431 manus
950 3382 1058 3446 alicujus
1080 3383 1199 3434 (lenonici
1215 3384 1354 3447 midentis,
1371 3402 1388 3435 a

337 3446 524 3495 communitate
533 3448 659 3507 Fratrum,
671 3448 702 3496 de
710 3453 796 3496 nostra
807 3452 834 3496 et
845 3463 1014 3497 successorum
1022 3452 1165 3497 nostrorum
1176 3450 1342 3510 conniventia
1354 3452 1388 3500 sd

337 3509 383 3560 hoc
394 3512 517 3574 deputati,
529 3512 562 3561 ad
579 3516 688 3575 quatuor
703 3512 763 3561 anni
782 3513 903 3561 terminos
918 3512 1073 3576 principales,
1090 3513 1193 3576 pretatis
1214 3514 1344 3564 canonicis
1359 3520 1387 3565 et

336 3575 440 3625 Vimriis
451 3577 582 3626 snnrretim
591 3577 775 3626 distribuentur
787 3593 794 3636 ;
814 3578 943 3626 residuum
954 3593 1013 3625 vero
1020 3582 1189 3640 proventuum
1201 3579 1268 3628 dicte
1279 3580 1388 3629 Ecclesie

335 3641 367 3689 de
379 3642 490 3689 lnuunte
508 3641 534 3690 in
554 3642 690 3691 cotidianas
709 3642 900 3691 distribuciones
917 3642 1099 3695 canonicorum
1117 3643 1282 3692 residencium
1292 3644 1388 3695 iuturis

338 3705 492 3769 temporibus
514 3707 669 3769 assignamus
691 3712 812 3770 perpetuo
834 3708 1038 3756 convertendum
1089 3708 1117 3757 si
1144 3723 1194 3771 qua
1217 3708 1388 3759 sensissem

337 3770 483 3819 secularisve
494 3786 597 3833 persons
607 3772 673 3820 hunc
691 3784 776 3820 nostre
792 3771 1001 3835 appropriecionis
1015 3788 1059 3821 seu
1079 3772 1255 3821 wneesssionis
1272 3773 1388 3836 peginam

337 3836 524 3898 infringere,seu
532 3836 813 3899 prefateOriditonensis
820 3836 929 3885 Ecclesie
936 3837 995 3900 jura
1001 3837 1146 3899 pemurbera
1154 3837 1316 3887 autminuere
1324 3854 1388 3889 amu

337 3901 467 3948 temerario
479 3901 664 3964 presumpserit,
676 3901 699 3949 si
708 3902 819 3950 secundo
830 3902 936 3950 terciove
954 3902 1050 3950 monite
1061 3918 1110 3950 non
1122 3902 1261 3965 resipuerit,
1273 3903 1388 3954 maledic·

337 3965 432 4013 donem
444 3966 491 4013 Dei
503 3966 696 4029 Omnipotentis,
709 3966 821 4015 Gloriose
831 3966 942 4029 Virginis
953 3966 1037 4024 Meris,
1047 3967 1217 4029 Omniumque
1230 3968 1389 4032 Sanctorum,

338 4035 364 4078 et
375 4036 485 4079 nostram
497 4046 523 4079 se
543 4031 640 4080 noverit
658 4031 822 4091 incursuram,
842 4036 869 4080 et
886 4047 902 4080 a
917 4032 1079 4080 Sanctissimo
1096 4031 1205 4095 Corpore
1219 4037 1246 4081 et
1262 4033 1390 4097 Sanguine

338 4095 440 4143 Domini
456 4094 501 4144 fist
518 4096 615 4144 aliens:
631 4096 736 4156 cunctis,
753 4102 846 4156 nutem,
863 4096 945 4144 eidem
962 4096 1028 4144 loeo
1044 4112 1090 4144 sua
1106 4096 1163 4159 jura
1181 4098 1339 4148 sementibus
1356 4100 1391 4150 sit

340 4162 391 4210 Par
404 4161 505 4210 Domini
516 4162 595 4210 nostri
607 4162 623 4210 J
626 4161 687 4209 hesu
700 4160 801 4222 Christi,
815 4161 935 4224 quatinus
951 4160 992 4209 hic
1009 4161 1122 4210 fructum
1137 4161 1203 4211 bone
1219 4163 1324 4213 accioms
1335 4180 1390 4227 per·

243 4304 251 4335 ¹
268 4307 310 4355 See
321 4312 380 4355 note
392 4306 430 4367 (¹),
442 4322 503 4369 page
516 4307 554 4355 62.
820 4305 928 4355 'lbere
948 4306 1029 4355 words
1047 4322 1089 4355 are
1108 4306 1222 4372 illegible
1256 4308 1390 4373 Theylocl:

241 4369 251 4401 ²
276 4370 787 4434 Verum-lnthemargin,“lluta:(lridi·
853 4370 901 4421 like
912 4371 1001 4421 “terra
1010 4372 1119 4422 marut”

274 4435 551 4487 tone-Laumte-hic
559 4436 572 4457 ”
585 4434 766 4499 (Gruudiceon).
