3242 5100
563 585 747 642 caussas
767 583 904 641 merx.
1236 566 1312 638 377

163 740 341 806 Tavistock
356 740 421 825 (St.
438 740 659 823 Eustachius),
673 761 825 826 appropr.
835 743 869 805 to
884 737 1064 804 Terietock
1079 735 1217 823 Abbey;
1242 739 1310 804 123.

162 843 362 930 Teingterer,
377 843 523 910 William
536 844 586 921 de,
600 843 802 909 Prior-Eleet
817 841 852 907 oi
867 841 1094 922 Iseunceston3
1118 843 1192 908 129.

163 947 297 1023 Tenths,
311 946 493 1013 collection
508 946 596 1024 of,-

226 1050 303 1114 Apud
321 1050 452 1111 honines,
469 1067 486 1100 r
511 1050 638 1100 Kalendas
667 1050 753 1099 lisrcii
772 1047 815 1112 [25
834 1049 901 1109 Feb,
925 1045 1036 1112 1281·5],
1056 1045 1224 1098 mendsbstur
1245 1049 1309 1100 The·

257 1116 368 1164 snursrio
376 1120 403 1164 et
411 1115 550 1165 Beronibus
560 1116 592 1164 de
600 1115 733 1175 desummo,
745 1115 793 1163 sub
804 1115 851 1163 hsc
861 1114 942 1162 forma
952 1129 1002 1190 que
1013 1113 1128 1176 sequitur
1140 1130 1179 1162 :-

226 1179 293 1229 Viris
304 1180 493 1229 venerabilibus
509 1185 535 1229 st
551 1181 665 1230 discretis
681 1181 803 1238 Dominis,
821 1179 984 1228 Theseumrro
1000 1183 1027 1228 et
1043 1178 1182 1228 Batonibus
1193 1179 1224 1227 ds
1236 1179 1306 1228 Sese·

259 1245 332 1305 cario,
344 1244 442 1305 Petrus,
454 1250 509 1306 etc,
520 1245 636 1305 salutem,
653 1244 831 1306 etc.,-Regiss
848 1259 928 1306 nuper
945 1243 1064 1292 Potentes
1079 1243 1225 1306 recepimus,
1242 1243 1309 1292 inter

259 1313 342 1358 cetera
352 1309 509 1358 continentes
524 1310 593 1373 quod
609 1325 655 1358 nos
670 1309 793 1371 arreragiis
813 1308 906 1368 erinte
924 1307 1032 1368 Decime,
1043 1307 1091 1371 ipsi
1103 1308 1211 1356 Domino
1222 1313 1308 1357 nostro

195 1415 202 1428 .
260 1373 322 1438 liegi
332 1374 431 1423 dudum
442 1391 458 1422 a
469 1375 541 1423 Olero
552 1390 665 1423 concesse
681 1373 708 1422 iu
725 1378 811 1422 nostrs
827 1373 931 1432 Diocssi,
943 1372 1019 1421 levari
1033 1377 1060 1421 et
1071 1373 1103 1420 sd
1115 1372 1270 1422 Summrium
1280 1373 1308 1422 in

260 1438 354 1487 Pascha
361 1439 452 1488 Clauso
463 1439 487 1500 [1
499 1439 577 1502 April,
584 1439 610 1486 in
621 1437 694 1498 1285]
705 1437 804 1499 deferri,
813 1437 941 1500 ipsiusque
952 1437 1102 1486 Collectores
1112 1437 1139 1485 in
1147 1437 1194 1486 bac
1204 1437 1311 1487 instanti

261 1503 343 1552 media
365 1503 560 1566 Quadrsgesims
582 1504 735 1566 compotum
761 1503 790 1550 in
811 1502 889 1551 vestri
910 1501 1037 1577 presencia
1058 1501 1200 1551 reddituros
1227 1503 1311 1552 venire

259 1567 405 1627 laceramus,
424 1572 451 1616 et
467 1569 535 1630 quod
552 1584 598 1616 nos
622 1566 798 1616 nichilominus
814 1582 859 1616 vos
878 1566 999 1630 quicquid
1015 1581 1090 1629 super
1106 1566 1153 1615 biis
1173 1567 1312 1629 reoerimus,

260 1647 304 1680 seu
315 1632 395 1681 iacere
406 1633 614 1695 proposuerimus,
624 1648 668 1694 per
675 1637 773 1681 nostras
780 1631 876 1680 Literas
884 1631 1016 1680 cercior-are
1024 1647 1178 1680 curaremus.
1190 1632 1306 1681 Vestram

260 1696 345 1759 igitur,
357 1697 557 1758 Magnitudinem
575 1697 757 1745 cerciorandam
774 1697 880 1758 dignum
897 1695 1017 1744 duximus
1034 1710 1079 1759 per
1095 1696 1226 1745 Pressnlas
1244 1697 1312 1759 quod

260 1776 306 1810 nos
317 1761 458 1824 porcionem
473 1762 505 1810 de
520 1763 648 1824 arreragiis
664 1761 759 1820 Quinte
775 1761 877 1809 Decime
893 1775 969 1824 qusm
985 1760 1038 1824 jam
1055 1763 1168 1824 paratam
1184 1761 1314 1822 habemus,

261 1825 419 1888 etquicquid
430 1826 533 1889 deipsis
542 1826 671 1888 arreragiis
686 1825 767 1874 lersre
784 1825 928 1887 poterimus,
941 1840 991 1888 que
1001 1824 1053 1888 jam
1066 1840 1166 1888 pernes
1178 1829 1313 1876 etnostros

260 1891 415 1953 exegerimus
430 1906 475 1954 per·
485 1906 615 1940 censuram
631 1889 800 1939 omnimodam
813 1906 857 1952 pro
868 1889 962 1938 viribus
974 1889 1113 1954 diligenter,
1125 1889 1190 1938 inira
1200 1905 1312 1940 mensem

260 1960 319 2016 post
329 1954 430 2015 Pascha,
442 1955 569 2019 adipsum
581 1954 736 2004 Smcoednm
746 1955 816 2002 mitti
829 1954 1016 2016 procurabimus
1028 1969 1073 2017 per
1083 1954 1183 2003 clericos
1196 1960 1293 2004 nostrus
1305 1971 1312 2016 ;

261 2035 306 2082 per
317 2035 380 2083 quos
391 2024 445 2068 tem
455 2036 501 2082 pro
516 2020 588 2069 nobis
604 2034 681 2082 qusm
697 2034 743 2078 pro
759 2019 939 2068 collectoribus
950 2019 1017 2081 ipsis,
1029 2019 1074 2082 qui
1084 2019 1156 2067 nobis
1167 2020 1316 2082 respondere

261 2084 433 2133 immediacius
448 2084 631 2147 astringuntur.
645 2085 678 2132 de
687 2082 831 2146 quontitate
848 2083 925 2146 ipsius
943 2083 1037 2143 Quinte
1055 2083 1156 2132 Decime
1171 2083 1273 2132 collecte
1286 2089 1313 2134 et

262 2149 399 2212 colligenda
407 2149 478 2197 vobis
485 2149 606 2198 iaciemus
614 2153 676 2197 tunc
687 2147 807 2210 temporis
815 2147 923 2210 plenarie
930 2147 1079 2211 responderi
1098 2147 1169 2196 Idem
1181 2149 1313 2198 scribimus

263 2213 295 2261 de
310 2213 434 2262 Vioesims
453 2219 538 2262 nostre
559 2213 670 2262 Diocssis
686 2212 795 2261 Domino
810 2217 897 2261 nostro
913 2213 1025 2275 predicto
1041 2227 1162 2272 concessa,
1174 2229 1251 2276 quam
1268 2229 1314 2278 pro

262 2277 380 2327 'Pennino
391 2277 477 2326 Sancti
488 2278 593 2328 Martini
600 2278 654 2340 jam
665 2277 785 2340 preterito
800 2291 860 2326 cum
871 2277 940 2325 omni
951 2277 1082 2340 diligencie
1092 2292 1169 2340 quum
1181 2293 1314 2341 possumus

262 2341 339 2391 levari
349 2341 462 2401 lecimus,
473 2347 500 2391 et
510 2343 631 2406 quicquid
642 2342 674 2391 dc
687 2341 743 2404 ipsa
759 2341 841 2404 colligi
854 2341 946 2404 poterit
962 2342 995 2390 sd
1011 2356 1123 2391 mensem
1139 2343 1313 2405 supradictum

262 2406 354 2455 deferri
374 2405 501 2467 iaciemus,
521 2407 666 2470 sumptibus
687 2411 716 2455 et
736 2405 845 2469 periculo
868 2405 971 2454 Domini
993 2406 1074 2484 Regis,
1097 2407 1163 2456 sicut
1189 2407 1312 2467 Quintsm

263 2471 392 2520 Decimam
408 2472 585 2534 supradictam.
620 2473 655 2520 Et
670 2469 790 2534 quoniam
805 2486 861 2519 sere
876 2471 963 2520 Brevis
979 2471 1051 2534 Regii
1066 2471 1175 2534 rcccpcio
1192 2477 1219 2521 et
1234 2472 1314 2536 ipssm

263 2536 394 2600 pecuniam
413 2537 546 2599 colligendi
570 2536 646 2585 nimis
667 2535 759 2585 iastius
780 2535 915 2585 maturitas
937 2552 995 2585 oum
1024 2536 1120 2599 majore
1138 2551 1184 2585 seu
1205 2536 1313 2587 citeriori

263 2601 394 2665 diligencia
415 2602 565 2651 Mandatum
586 2601 694 2665 Regium
716 2616 763 2649 nos
783 2600 888 2664 implere
915 2616 966 2649 non
989 2600 1123 2663 paciuntur
1144 2601 1170 2650 in
1192 2604 1311 2665 prasenti,

263 2672 372 2715 vestram
404 2666 609 2729 circumspectam
642 2665 817 2715 dimdonem
850 2669 877 2713 et
910 2665 1071 2727 prudenciam
1103 2666 1254 2729 requirimus
1286 2672 1314 2717 et

262 2746 379 2794 rogemus
396 2731 517 2793 quatinus
531 2731 558 2779 in
575 2730 675 2794 quibus,
690 2732 763 2779 tanta
778 2730 926 2779 maturitate
942 2745 986 2779 seu
1005 2729 1167 2779 festinacione
1182 2732 1312 2795 compulsi,

262 2801 339 2857 prout
363 2795 486 2845 vellemus
515 2795 697 2859 postulaciones
723 2794 803 2857 regias
830 2795 921 2857 exequi
947 2794 1107 2857 nequivimus
1134 2800 1161 2844 et
1187 2796 1313 2857 mandate,

256 2863 368 2909 noemam
383 2860 563 2923 impotsncism
578 2859 698 2920 habeatis,
712 2858 735 2908 si
750 2858 889 2922 complicet,
901 2860 1209 2921 excusatam-Vestram,
1227 2864 1308 2911 etc-

261 2924 358 2975 Datum
365 2928 397 2974 ut
407 2939 483 2988 supra
493 2942 500 2986 ;
518 2921 586 2976 127¹).

162 3005 309 3084 Testerd,
324 3004 451 3089 Henry,
465 3006 540 3070 inst.
557 3009 592 3070 to
607 3004 802 3091 Treneglos;
826 3006 897 3069 132.

162 3117 333 3194 Thestius
347 3116 511 3184 Matthew
526 3116 567 3181 de
588 3118 648 3202 (see
664 3115 777 3203 Pycot
792 3116 815 3181 J
816 3114 917 3198 ohn);
941 3119 1009 3182 112.

163 3219 368 3286 Thorverton
380 3244 388 3299 ;
409 3216 685 3305 Appropriotiou
704 3218 744 3305 os
761 3217 812 3285 ue
833 3218 973 3304 Rectory
995 3224 1027 3285 to
1047 3218 1098 3286 tu
1119 3220 1217 3287 Deuca
1238 3222 1312 3289 and

250 3305 392 3392 Obupter
406 3306 446 3391 of
461 3308 635 3385 Ecstor,-

228 3409 352 3460 Omnibus
368 3411 460 3461 Sancte
475 3410 565 3459 Matris
581 3408 689 3459 Ecclesie
705 3408 772 3469 filiis,
783 3412 830 3458 stc
848 3408 946 3468 Petrus,
963 3412 1018 3470 ela,
1035 3408 1142 3459 salutem
1158 3410 1185 3460 in
1202 3410 1312 3462 Domino

259 3472 1311 3539 sempiternum—Quoniamexinjunctonobisoffleiodebitoressumusutlloclssis·

259 3554 318 3588 rum
328 3539 402 3588 stibi
412 3540 466 3588 Deo
476 3538 657 3588 famolancium
672 3538 838 3601 possessiones
854 3537 922 3588 tueri
937 3542 964 3587 et
979 3554 1077 3602 sugere,
1087 3540 1141 3589 loco
1152 3543 1180 3590 et
1189 3545 1309 3605 tempore,

259 3605 414 3665 studeamus,
433 3619 464 3652 eo
481 3604 602 3653 nimirum
623 3602 721 3652 intuitu
749 3602 931 3653 Canonicorum
958 3608 1101 3653 nostrorum
1128 3604 1310 3657 Exoniensium

259 3683 420 3718 communsm
430 3674 457 3719 et
467 3669 564 3718 rictum
575 3666 775 3729 substandalem,
782 3668 814 3717 ad
825 3666 946 3716 bonorem
957 3667 1005 3716 Dei
1015 3672 1043 3717 et
1054 3668 1187 3720 servicium
1198 3670 1308 3721 Ecclesia

258 3738 344 3782 nostre
360 3733 507 3782 Exonisnsis
523 3732 700 3793 roborandum,
715 3731 866 3795 amplificare
881 3731 1000 3793 volentes,
1012 3733 1177 3796 concedimus,
1194 3735 1309 3787 confirm·

260 3812 340 3858 smus,
362 3802 390 3847 et
413 3797 602 3862 sppropriamus
623 3796 733 3846 Ecclsais
755 3796 889 3858 untedicts,
906 3796 1014 3858 Decsno,
1031 3802 1058 3847 et
1083 3798 1200 3863 Capitulo
1221 3805 1308 3851 nostro

260 3862 362 3923 ibidem,
371 3862 507 3911 &ciceiam
517 3862 550 3910 de
560 3862 741 3923 Thurrertons,
748 3860 823 3925 eujus
833 3860 882 3925 ipsi
892 3860 945 3910 reri
956 3862 1059 3911 Petroni
1069 3878 1123 3912 esse
1133 3863 1307 3929 dinoscuntur,

258 3925 1107 4052 nssrffnlimfflwilliffiit
1116 3928 1309 4045 rurus

259 4060 287 4105 et
297 4056 414 4120 capitulo
425 4056 604 4119 possessionem
613 4054 711 4119 prefate
721 4054 838 4115 Ecclesia,
849 4069 971 4104 consenui
985 4060 1072 4106 nostro
1082 4057 1122 4107 vel
1133 4058 1309 4110 Succsucrum

259 4125 403 4170 nosbcmm
425 4120 567 4185 superbos
588 4134 640 4169 non
661 4119 789 4183 requisito,
806 4119 890 4181 libere,
907 4124 934 4169 et
952 4119 1006 4169 sine
1022 4121 1092 4170 omni
1112 4122 1260 4174 difficultate
1281 4129 1309 4175 st

259 4185 457 4235 contradiceione
478 4190 571 4246 nostra,
593 4184 633 4234 rel
660 4184 837 4234 successorum
859 4188 1003 4234 nostronrm
1025 4184 1130 4249 ingredi,
1154 4190 1180 4236 et
1201 4190 1307 4239 eandem

259 4250 395 4299 Eccledm
412 4266 470 4299 cum
486 4249 604 4299 omnibus
618 4248 778 4313 pertinenciis
797 4248 845 4298 ubi
866 4253 894 4298 et
909 4250 1090 4300 mccesseribus
1107 4252 1159 4301 suis
1175 4252 1267 4303 habere
1281 4258 1309 4303 st

257 4314 359 4379 pacifice
377 4314 503 4378 possidere
528 4314 722 4377 imperpetuum.
764 4311 808 4362 Ita
834 4313 903 4391 quod
927 4314 1127 4365 emolumentum
1153 4316 1213 4367 inde
1239 4318 1308 4369 dieto

258 4378 376 4442 Capitulo
400 4380 546 4443 proveniens
573 4379 601 4427 in
619 4377 756 4428 cotidianas
783 4377 975 4428 distnbuoiones
1007 4379 1190 4431 (turonicorum
1211 4382 1255 4445 qui
1282 4384 1310 4433 in

258 4444 349 4508 majori
367 4443 504 4494 niecoicne
522 4442 610 4493 eodem
631 4442 672 4493 dis
699 4442 726 4492 in
748 4441 859 4493 Oivitste
879 4446 1006 4505 presentes
1023 4443 1119 4495 luerint
1140 4450 1309 4510 convertatur,
