3242 5100
550 565 732 623 omnes
756 565 893 620 nensx.
1233 543 1311 619 4'05

247 734 343 782 verum,
366 719 433 784 quia,
454 718 647 783 summatibus
670 717 742 768 nob’s
763 717 928 781 postmodum
953 715 1057 780 prefatis
1079 715 1219 778 Religiosis,
1242 717 1300 765 sub·

245 785 333 834 tractis
350 783 398 833 sibi
419 783 505 834 minus
524 784 601 847 juste,
620 799 718 833 necnon
736 783 860 832 violenter
880 782 992 845 direptis,
1010 797 1054 845 per
1069 781 1203 830 nonnullos
1219 781 1300 846 Regni

246 850 336 913 Anglie
352 849 482 912 Magnates
498 853 525 899 et
541 848 662 898 Potentes
683 847 879 912 possesionibus
896 851 923 896 et
938 846 1087 906 redditibus,
1103 861 1133 895 ao
1148 847 1226 896 eciam
1243 847 1298 896 aliis

245 915 326 975 bonis,
337 914 504 964 estimacionis
519 914 589 963 mille
603 928 743 963 marcarum
757 913 897 972 annuatim,
908 927 959 976 que
972 912 1040 973 olim,
1051 917 1110 960 unte
1126 911 1300 975 conquestum

246 979 350 1028 Domini
360 979 480 1028 willelmi
491 979 603 1040 Bastard,
615 979 744 1042 quondam
757 977 832 1041 Regis
845 977 943 1040 Anglie,
954 977 981 1025 in
998 977 1086 1026 eodem
1098 977 1184 1039 Regno
1194 975 1298 1038 factum

245 1045 302 1109 jure
318 1060 365 1094 suo
384 1048 410 1093 ct
427 1044 571 1093 Monasterii
587 1043 725 1108 supradicti
740 1043 885 1092 babuerunt
909 1046 936 1090 et
961 1041 1062 1104 pacifice
1086 1041 1252 1104 possiderunt,
1269 1058 1298 1090 ec

247 1109 325 1158 eciem
341 1124 419 1172 quem
435 1109 550 1172 plurimis
566 1108 643 1158 seculi
659 1108 780 1158 molestiis
795 1113 823 1156 et
838 1106 1032 1156 adversitatibus
1047 1106 1128 1156 indies
1144 1122 1297 1156 succrescen-

246 1175 323 1235 tibus,
336 1174 463 1237 prefatum
474 1173 655 1222 lionssterium
665 1188 742 1222 suum
756 1173 819 1221 odeo
834 1175 861 1221 in
878 1171 931 1220 suis
941 1171 1104 1220 facultatibus
1116 1171 1150 1220 sit
1161 1172 1298 1234 collapsum

249 1246 280 1288 ut
289 1241 322 1288 sd
333 1254 421 1287 eorum
431 1238 650 1297 sustentacionem,
657 1253 686 1286 oc
696 1238 774 1287 eciam
783 1251 922 1300 pauperum
934 1237 1127 1299 peregrinorum,
1136 1241 1163 1284 et
1171 1235 1301 1298 hospitum

246 1305 279 1352 ad
296 1320 337 1352 eos
353 1303 434 1352 indies
450 1304 507 1366 plus
531 1303 604 1352 solito
628 1303 811 1352 confluencium
830 1302 1005 1364 receptionem,
1031 1315 1081 1364 que
1102 1301 1151 1349 sibi
1173 1317 1300 1364 superesse

247 1369 367 1417 videntur
383 1368 481 1432 proprie
497 1384 547 1416 non
563 1372 704 1431 suppetunt
725 1367 866 1426 facultates,
888 1367 965 1415 eciam
982 1381 1039 1414 cum
1059 1365 1169 1414 subsidio
1193 1366 1300 1414 Ecclesie

247 1436 279 1482 de
289 1432 474 1496 Wytechurobe
484 1438 621 1482 memorate
631 1449 638 1491 ;
649 1437 676 1481 et
682 1437 784 1496 propter
793 1432 841 1481 boc
851 1432 912 1494 ipsis
924 1430 1053 1491 Religionis
1063 1447 1078 1478 a
1089 1431 1160 1478 nobis
1172 1431 1303 1480 humiliter

247 1499 434 1561 postulantibus
445 1498 521 1561 quod,
530 1513 588 1547 cum
601 1498 633 1546 sd
649 1497 761 1560 ipsorum
774 1497 941 1559 indigencism
958 1497 985 1544 in
1001 1495 1047 1544 heo
1062 1500 1133 1558 perte
1144 1495 1302 1545 relevandam

248 1564 347 1612 frustm
366 1567 393 1611 et
408 1568 545 1625 proventus
561 1563 682 1625 prolibste
699 1562 808 1610 Eoclesie
825 1563 856 1610 de
873 1560 1056 1625 Wyteehurche
1078 1560 1228 1609 sufficientes
1250 1577 1301 1610 non

250 1629 368 1688 existant,
391 1626 526 1676 Ecclesiam
548 1627 580 1676 de
603 1628 785 1690 Burryngtonc,
807 1631 893 1675 nostre
916 1625 1041 1688 Dyoceeie,
1064 1640 1113 1688 que
1135 1626 1167 1673 de
1188 1625 1301 1688 ipsorum

250 1697 386 1756 patronatu
403 1692 497 1751 existit,
513 1691 558 1740 ubi
576 1691 638 1740 dicti
658 1691 775 1754 Religiosi
793 1691 895 1740 Domini
914 1691 992 1753 ipsius
1012 1690 1116 1738 Menerii
1133 1705 1193 1750 esse,
1205 1706 1301 1740 necnon

250 1757 397 1822 temporalia
408 1757 487 1820 ipsius
498 1756 616 1805 Pnrochie
627 1757 653 1804 in
664 1756 768 1805 feodum
778 1756 869 1805 habere
880 1759 1026 1813 noscuntur,
1041 1755 1127 1817 quein
1138 1755 1302 1804 facultutibus

251 1822 364 1883 fertilior,
377 1827 405 1869 et
420 1821 487 1884 ipsis,
507 1837 538 1869 ex
554 1822 634 1869 <sireis
648 1821 701 1883 jem
717 1821 800 1880 dictis,
810 1821 895 1869 utilior
911 1836 964 1868 esse
980 1835 1029 1868 non
1047 1819 1190 1882 ambigitur,
1206 1821 1302 1882 Appio-

251 1887 374 1950 priscione
385 1886 493 1936 Ecclesia
503 1886 536 1934 de
543 1885 728 1949 Wytechurcbe
745 1885 887 1948 supradicta
897 1885 999 1948 penitus
1009 1884 1132 1934 dissolute
1142 1889 1168 1933 st
1179 1891 1305 1946 enecate,

251 1957 278 2000 et
296 1952 351 2014 ipsa
367 1951 475 2000 Ecclesia
494 1951 526 1998 de
542 1950 733 2014 Wytochurcbe,
749 1950 818 1999 dicte
838 1951 1046 2014 Appropriscione
1062 1965 1108 2012 pro
1126 1949 1195 1998 nulla
1211 1951 1304 2012 habita,

254 2017 356 2066 adeum
367 2020 464 2065 statum
475 2016 501 2064 in
519 2031 570 2079 quo
589 2016 641 2064 fuit
656 2021 716 2064 ante
731 2020 833 2078 tempus
850 2013 1067 2078 Appropriacionis
1082 2014 1192 2077 predicto
1204 2031 1304 2078 prorsus

255 2082 362 2140 redacte,
378 2081 426 2129 nbi
442 2086 469 2129 et
484 2081 637 2129 Honesterio
656 2095 704 2129 sno
725 2081 837 2142 predicto
859 2079 975 2128 canonice
991 2079 1156 2142 appropriare,
1172 2095 1216 2142 pro
1239 2096 1304 2128 oom-

255 2146 376 2210 passionis
394 2146 485 2195 effectu
499 2144 760 2210 dignaremur—Nos,
771 2145 857 2207 igitur,
872 2145 988 2204 Thomas,
1007 2144 1152 2192 Exoniensis
1168 2144 1305 2208 Episcopus

254 2210 405 2272 antedictus,
416 2210 503 2259 habito
516 2226 592 2274 super
603 2209 728 2273 premissis
744 2225 802 2258 cum
817 2209 916 2259 dilectis
932 2211 959 2257 in
976 2208 1076 2258 Christo
1093 2209 1156 2269 filiis,
1169 2209 1269 2258 Decsno
1280 2216 1307 2258 et

256 2275 374 2338 Capitulo
395 2280 481 2324 nostro
503 2275 646 2336 Exoniensi,
668 2279 695 2323 et
721 2274 842 2337 Magistro
864 2273 988 2323 Willelmo
1010 2274 1042 2321 de
1069 2274 1217 2336 Tsuystoke‚
1239 2275 1307 2323 dicte

257 2340 365 2389 Ecclesie
395 2341 427 2388 de
446 2341 623 2403 Burryngtone
649 2339 761 2399 Rectum,
780 2340 813 2387 sd
840 2338 888 2387 boc
911 2338 1050 2402 specialiter
1073 2345 1167 2398 vocato,
1192 2339 1308 2402 diligenti

255 2409 366 2454 tractatu
392 2405 487 2468 pariter
512 2409 539 2453 et
570 2404 700 2467 solempni,
727 2405 840 2467 ipsorum
868 2404 1047 2466 Religiosorum
1081 2409 1254 2466 paupertatem
1282 2410 1308 2453 et

255 2469 421 2533 indigentiam
438 2470 546 2521 relevare
562 2470 681 2529 volentes,
697 2468 792 2532 pietate
807 2469 835 2517 id
856 2467 909 2517 feri
927 2467 1051 2516 instanter
1068 2469 1196 2529 suadente,
1211 2472 1308 2532 Appro·

256 2535 380 2599 priscione
401 2534 497 2599 prefate
519 2533 628 2584 lieclesie
649 2534 682 2583 de
704 2531 888 2595 Wytecburehe
909 2533 977 2582 dicte
996 2533 1154 2596 Monasterio,
1174 2533 1241 2583 fecte
1266 2549 1310 2598 per

257 2617 310 2661 nos,
319 2605 434 2649 revocata
443 2600 470 2649 in
481 2600 582 2649 irritum
590 2605 618 2648 et
628 2599 730 2648 omnino
746 2598 876 2660 dissoluta,
887 2614 964 2662 quam
981 2599 1103 2661 presentis
1118 2599 1211 2662 Scripti
1221 2606 1309 2648 tenore

257 2666 289 2714 de
311 2680 431 2714 consensu
453 2670 507 2713 mm
528 2665 640 2727 ipsorum
657 2664 838 2726 Religiosorum
860 2679 937 2727 quam
959 2664 1052 2712 Deceni
1074 2669 1100 2712 et
1123 2664 1233 2727 Capituli
1255 2680 1309 2727 pre·

257 2730 391 2787 dictorum,
410 2734 437 2778 et
448 2729 558 2778 eliorum
576 2744 685 2792 quorum
702 2729 815 2789 interest,
828 2729 929 2791 penitus
944 2728 1103 2777 dissolvimus
1119 2734 1147 2777 et
1165 2729 1191 2777 in
1208 2729 1309 2778 irritum

255 2810 418 2853 revocemus;
452 2794 543 2853 omnia,
570 2794 679 2857 insuper,
707 2793 881 2843 Instrumenta
907 2808 982 2857 super
1008 2793 1077 2842 diets
1103 2794 1312 2856 Appropriacione

257 2860 370 2908 confecta
386 2858 456 2907 nulle
469 2875 513 2907 seu
529 2859 600 2907 irritu
615 2859 770 2917 nunciamus,
785 2858 912 2906 dictorum
928 2858 1020 2907 Deceni
1036 2863 1062 2907 et
1080 2858 1198 2921 Capituli,
1214 2875 1310 2909 necnon

258 2924 349 2986 prefati
362 2923 475 2986 Magistri
489 2923 616 2983 Willelmi,
627 2938 656 2971 ec
668 2923 774 2972 eliorum
790 2938 900 2986 quorum
916 2938 1050 2971 consensus
1066 2924 1203 2985 requiritur
1218 2924 1245 2972 in
1264 2924 1310 2973 hac

258 2994 336 3053 parte,
359 2988 462 3051 provida
488 2988 668 3037 deliberacione
694 2987 831 3051 probabitur,
860 2988 984 3051 legittimo
1011 3003 1132 3036 consensu
1159 2990 1309 3050 accedents;

259 3056 383 3117 prefatam
410 3053 546 3102 Ecclesiam
572 3054 604 3101 de
627 3052 801 3115 Buniugtone,
824 3068 882 3101 cum
910 3053 962 3101 suis
982 3052 1082 3116 juribus
1104 3058 1130 3101 et
1152 3054 1311 3115 pertinenciis

258 3118 387 3177 universis,
413 3118 543 3180 Religiosis
562 3122 589 3166 et
609 3118 759 3167 lioneeterio
775 3116 932 3180 supradictis,
951 3118 1112 3180 ipsorumque
1130 3118 1310 3181 Religiosorum

259 3182 447 3243 successoribus,
470 3183 658 3247 opproprismus
679 3187 707 3230 et
733 3183 760 3230 in
784 3198 844 3230 usus
867 3182 978 3245 proprios
1002 3183 1161 3231 concedimus
1183 3185 1310 3247 perpetuis

259 3248 415 3311 temporibus
429 3248 598 3309 optinendam.
633 3248 674 3295 lte
690 3247 766 3310 quod,
777 3247 881 3295 cedente
897 3248 937 3295 vel
952 3247 1087 3296 decedente
1103 3248 1172 3295 dicto
1189 3248 1311 3297 Willelmo

259 3314 371 3370 Rectore,
384 3312 457 3361 liceat
473 3313 576 3375 profetis
592 3312 722 3375 Religionis
739 3311 863 3374 prefatam
881 3312 1017 3360 Ecclesiam
1033 3312 1065 3360 de
1090 3312 1265 3376 liurryngtone
1282 3318 1309 3361 et

260 3379 316 3440 ejus
337 3378 516 3439 pomeseionem
540 3393 584 3440 pro
603 3394 649 3425 suo
668 3377 823 3439 beneplacito
845 3376 949 3439 ingredi,
964 3381 991 3424 et
1009 3392 1072 3437 cem,
1090 3392 1148 3425 oum
1167 3378 1266 3439 juribus
1284 3384 1311 3427 et

259 3442 420 3505 pertinenciis
430 3442 483 3490 suis
493 3442 650 3505 supradictis,
661 3442 688 3489 in
699 3442 811 3505 proprios
820 3458 881 3490 usus
890 3442 980 3490 habere
991 3447 1018 3489 et
1026 3446 1112 3490 tenere
1122 3442 1308 3505 inperpetuum,

259 3508 334 3569 juxte
353 3506 459 3555 formem
484 3506 699 3571 Appropriscionis
720 3506 836 3569 superius
863 3510 989 3567 annotate,
1011 3522 1134 3555 consensu
1161 3514 1248 3557 nostro
1269 3509 1309 3557 vel

259 3575 434 3620 Successorum
450 3576 593 3620 nostrorum
610 3572 713 3619 minime
732 3572 861 3634 requisito,
872 3572 929 3635 jure
945 3577 972 3619 et
987 3576 1112 3634 potestate
1130 3572 1202 3635 Legis
1218 3572 1312 3635 Dyoce·

258 3636 439 3750 uuus
460 3635 1309 3765 &tenuerittcnuerit

260 3765 387 3816 conalibus
406 3770 432 3814 et
454 3765 540 3814 debite
560 3764 725 3829 subjeccione,
747 3770 800 3815 tam
822 3766 849 3815 in
870 3764 938 3814 dicta
955 3738 1064 3815 Eccleisia
1085 3768 1117 3815 de
1135 3768 1312 3833 Burryngtone

260 3845 338 3894 quam
352 3830 456 3894 prefatis
472 3830 601 3893 Religiosis
614 3831 712 3879 racione
726 3830 841 3893 ejusdem
860 3845 903 3893 per
915 3830 999 3879 omnia
1014 3831 1093 3880 salvis
1128 3831 1189 3892 Nos,
1201 3834 1309 3895 insuper,

259 3900 444 3958 competentem
459 3895 583 3944 vicariam
604 3895 637 3943 de
653 3896 830 3958 Burryngtone
855 3895 974 3958 predicte,
990 3896 1118 3959 ipsiusque
1142 3896 1268 3947 fructibus
1287 3902 1314 3947 et

261 3960 431 4023 proventibus,
453 3960 586 4009 ordinandi
612 3965 639 4009 et
659 3960 763 4009 taxandi
792 3963 944 4023 potestatem
971 3960 1042 4009 nobie
1069 3966 1096 4009 et
1123 3961 1312 4011 successoribus

262 4025 355 4101 nostris
365 4025 592 4103 reservamnsssln
602 4039 711 4101 quorum
722 4024 798 4073 fldem
805 4030 837 4101 et
847 4024 1020 4074 testimonium
1031 4025 1076 4074 hss
1088 4026 1184 4075 literas
1196 4027 1314 4077 Patentes

230 4090 337 4215 litfflffllsl,
346 4090 821 4219 nsssgnmuunermrzeaacsurluuugjmxfflrag
843 4154 984 4204 Willelmus
1005 4156 1103 4215 Rector,
1123 4156 1250 4217 antedicti,
1268 4156 1313 4221 qui

262 4220 330 4269 dicto
356 4220 478 4269 trmtatui
509 4220 680 4279 interfuimus,
709 4219 784 4268 dictis
811 4220 892 4269 caune
922 4220 1027 4283 provida
1050 4221 1228 4270 deliberacione
1251 4238 1311 4285 pen·

262 4284 332 4345 setis,
348 4290 375 4333 et
392 4285 544 4348 ceterisque
565 4286 598 4334 de
611 4286 669 4348 jnre
684 4284 850 4348 requiruntur
866 4284 964 4349 plenius
981 4286 1126 4347 observetis,
1142 4288 1313 4337 consensimus

262 4355 289 4398 et
311 4350 480 4399 consentimus
498 4350 616 4399 omnibus
637 4355 665 4399 et
685 4349 791 4412 singulis
812 4349 926 4413 superius
947 4350 1082 4399 annotatis
1127 4352 1162 4400 Et
1188 4353 1312 4412 volumus,

260 4420 385 4478 quantum
395 4414 423 4465 in
433 4415 506 4465 nobis
516 4415 644 4479 estquod
658 4415 744 4465 omnia
759 4419 787 4464 et
801 4414 901 4479 &pila
914 4415 1035 4480 premissa
1051 4420 1172 4481 perpetue
1187 4418 1314 4482 gsudesnt
