3242 5100
565 457 747 515 unumne
762 459 895 515 ninnx.
1228 447 1298 518 401

246 615 437 683 improhshllem
460 618 641 683 protendentes
667 618 748 682 ipssm
772 619 800 668 in
826 619 933 668 dubium
950 619 1092 670 volontarie
1114 635 1228 670 revocere
1246 619 1299 670 mol

245 684 342 734 iuntur.
394 685 440 745 Ut,
468 684 555 748 igitur,
582 683 724 732 omnimode
758 684 896 733 dubietatis
923 685 1073 748 scriptulum
1106 685 1170 735 circe
1202 685 1300 735 fectum

246 748 418 799 Ordinsdonis
447 753 532 798 nostre
559 753 640 797 cesset
669 749 696 797 in
722 748 849 808 futurum,
878 764 931 810 nos,
956 750 1162 799 convenientibus
1189 766 1218 799 sc
1244 765 1299 814 pre-

245 815 359 864 sentibus
386 815 487 863 Deoeno
510 818 539 863 et
560 813 678 876 Gspitulo
703 819 790 862 nostre
817 811 965 863 Exoniensis
993 815 1107 875 Ecclesie,
1130 816 1157 864 in
1185 815 1300 879 ejusdem

245 879 355 929 Ecolesie
371 879 495 942 Ospitnlo,
505 893 603 928 necnon
618 878 728 927 Donfino
744 879 870 929 Willelmo
885 879 916 928 de
932 879 1120 943 Puntyngtone,
1131 885 1194 929 tunc
1210 879 1296 931 Archi·

245 944 350 993 diacono
367 944 485 994 'l'ottonle
495 948 523 992 et
533 943 702 1007 predictorum
713 944 836 993 domuum
847 943 988 993 habitatore
999 959 1028 994 ec
1038 944 1139 1008 pacifico
1151 961 1297 1009 possessore,

245 1008 351 1085 aliisque
365 1024 475 1073 quorum
490 1009 612 1058 intererat
627 1008 654 1056 in
670 1008 717 1057 hsc
732 1013 805 1071 porto
820 1008 985 1072 presentibus,
997 1009 1102 1073 ipsoque
1117 1009 1298 1059 Archidisoono

245 1075 387 1136 predictum
397 1089 507 1133 censum,
519 1089 564 1122 seu
575 1073 704 1122 redditum
713 1088 837 1132 snnuum,
848 1089 893 1136 pno
904 1073 1052 1138 hujusmodi
1068 1074 1141 1124 obitu
1157 1075 1297 1136 annuatim,

246 1142 278 1187 ut
288 1139 453 1202 premittitur,
464 1138 619 1201 celebrando,
629 1153 662 1187 ex
672 1137 698 1186 vi
713 1134 887 1188 Ordinodonis
906 1138 1024 1202 predicte,
1033 1145 1122 1203 sponte
1133 1155 1216 1189 corsm
1227 1139 1300 1189 nobis

245 1204 388 1265 confitente,
400 1220 446 1268 pro
456 1219 483 1252 se
493 1203 596 1266 suisque
611 1201 794 1252 successoribus
810 1204 909 1252 casdem
926 1205 1014 1252 domos
1030 1204 1062 1252 de
1077 1209 1160 1254 cetero
1176 1220 1298 1268 occupen-

246 1269 322 1329 h'bus,
338 1284 391 1318 esse
405 1273 432 1318 et
447 1268 526 1317 fuisse
541 1267 663 1327 debitum,
672 1268 753 1316 dictos
769 1266 860 1331 viginti
876 1268 968 1317 solidos
983 1268 1074 1329 taliter,
1086 1275 1117 1318 ut
1133 1269 1298 1332 premittitur,

245 1333 351 1393 debitos,
362 1349 391 1384 oc
401 1333 473 1382 snnis
481 1333 593 1395 singulis,
605 1337 637 1381 nt
646 1333 810 1396 pretsngitnr,
820 1333 983 1382 exsolvendos
999 1333 1127 1396 perpetuis
1143 1335 1299 1398 temporibus

245 1397 273 1447 in
291 1398 417 1459 futurum,
433 1399 467 1447 de
487 1413 610 1446 consensu
631 1398 744 1446 omnium
767 1398 936 1461 predictorum
959 1399 1153 1461 pronunciamus
1170 1415 1198 1448 ac
1220 1399 1299 1448 eciem

245 1463 407 1524 declsrnmus
424 1479 470 1513 seu
484 1461 571 1512 saltim
591 1462 624 1511 de
645 1477 766 1511 consenso
783 1462 898 1512 omnium
914 1467 941 1511 et
957 1463 1113 1526 singulorum
1130 1463 1300 1526 predictorum

246 1528 389 1591 predictum
411 1543 526 1577 snnumn
558 1542 662 1576 censum
680 1543 725 1576 seu
743 1527 874 1576 redditum
892 1543 938 1590 pro
959 1527 1031 1576 obitu
1055 1529 1182 1578 antedicto
1204 1529 1299 1578 eisdem

247 1593 372 1655 domibus,
388 1597 415 1643 et
430 1593 566 1642 hshitstori
581 1592 718 1642 urundesn
734 1592 780 1655 qui
796 1607 842 1656 pro
859 1597 972 1656 tempore
988 1593 1073 1654 inerit,
1090 1609 1122 1643 ex
1141 1593 1300 1643 habundanti

248 1658 409 1721 imponimus,
420 1664 448 1707 et
457 1658 541 1721 ipsum
557 1673 573 1706 s
588 1656 700 1721 personis
715 1657 858 1720 presciptis
875 1657 923 1706 sub
939 1657 1020 1706 lorms
1035 1663 1063 1707 et
1078 1659 1154 1708 modo
1164 1658 1300 1708 antedictis

247 1723 320 1772 snnis
330 1723 436 1787 singulis
446 1722 601 1787 integrnliter
611 1721 705 1770 exsolvi
722 1721 812 1771 debere
823 1726 944 1786 perpetuo
955 1722 981 1771 ἰη
997 1723 1123 1785 futurum,
1134 1723 1166 1772 de
1176 1739 1298 1773 consensu

247 1788 361 1837 omnium
381 1788 576 1852 prescriptorum
593 1786 796 1849 pronunciamus,
816 1787 978 1848 declaremus,
996 1788 1153 1837 decernimus
1172 1804 1200 1838 sc
1219 1788 1298 1838 eoism

246 1853 399 1903 ordinemus
417 1853 459 1915 lte,
466 1857 498 1902 ut
508 1851 627 1916 premisso
636 1851 779 1912 deolsrncio,
788 1851 970 1914 pronunciscio‚
978 1853 1116 1915 decretum,
1128 1859 1155 1902 et
1165 1853 1299 1904 Ordinecio

248 1918 325 1967 robur
343 1918 475 1981 optinesnt
490 1931 591 1966 exnunc
609 1921 730 1980 perpetue
751 1915 885 1974 firmitatis,
905 1921 959 1966 tsns
976 1921 1091 1966 nostrum
1111 1933 1188 1981 quem
1204 1917 1300 1968 Deconi

248 1988 275 2031 et
297 1982 408 2047 Gspituli
424 1989 451 2032 et
467 1981 640 2031 Archidisconi
656 1981 819 2044 suprascripti
835 1981 922 2044 sigilla,
934 1997 985 2030 una
1001 1997 1060 2031 cum
1076 1982 1157 2045 sigillo
1170 1983 1298 2032 communi

247 2048 345 2098 Domus
355 2047 494 2111 Hospitalis
505 2047 592 2096 Sancti
602 2045 725 2096 Johsnnis
738 2045 893 2106 Exoniensis,
905 2046 946 2095 cui
957 2047 1123 2110 qusdrnginte
1134 2045 1209 2098 solidi
1219 2049 1298 2097 unnui

246 2112 362 2162 redditus
377 2113 410 2161 de
425 2113 520 2162 eisdem
537 2110 654 2160 domibus
668 2111 800 2171 debentur,
819 2111 982 2160 Prcsentibus
999 2116 1060 2161 sunt
1076 2127 1189 2176 appense.
1226 2111 1300 2162 Hono

246 2193 348 2240 quoque
366 2182 479 2226 nostrum
504 2176 694 2227 Ordinscionem
717 2191 762 2224 scu
778 2175 972 2225 declarscioncm
994 2176 1021 2224 in
1043 2177 1158 2240 Begistro
1179 2178 1299 2227 Scsccurii

246 2241 745 2356 immilem
759 2240 1300 2370 milthl‘iffissllhlllh

377 2360 381 2365 .
740 2333 780 2353 ·““
833 2342 840 2365 5
947 2345 953 2367 s

249 2372 451 2432 Archidisconus,
470 2387 500 2420 so
527 2370 646 2434 Magister
665 2370 804 2433 Hospitalis
826 2371 912 2420 Sancti
934 2370 1056 2420 Johcnnis
1076 2372 1188 2434 predicti,
1211 2387 1298 2422 eorum

246 2437 360 2486 omnium
377 2450 485 2500 qnorum
502 2435 646 2499 requiritur,
660 2451 705 2498 pro
726 2434 806 2495 nobis,
822 2436 965 2498 nostrisque
987 2437 1177 2498 successoribus,
1193 2437 1299 2486 Ordine·

248 2503 346 2551 cionem
362 2502 499 2565 predictum
516 2507 544 2549 et
558 2500 677 2564 premisse
693 2500 777 2548 omnis
793 2499 892 2563 plenius
907 2505 1064 2565 acceptantes
1078 2517 1107 2551 ec
1123 2502 1200 2551 eciem
1212 2517 1300 2566 appro-

249 2568 344 2627 bantes,
364 2568 390 2616 in
410 2567 510 2630 signum
536 2566 617 2614 nostri
643 2580 785 2625 consensus,
805 2565 887 2628 sigilla
901 2571 988 2615 nostra
1007 2567 1099 2629 epponi
1117 2568 1223 2616 fecimus
1242 2568 1301 2617 huic

249 2632 354 2695 Scripto.
389 2633 499 2695 Nosque,
515 2630 712 2680 Archidicconus
728 2630 861 2693 predictus,
873 2630 954 2679 dictos
970 2631 1060 2693 viginti
1076 2630 1167 2680 solidos
1183 2648 1228 2695 pro
1245 2633 1300 2695 ipso

248 2697 319 2745 obitu
331 2696 485 2756 celebrando,
496 2700 574 2759 prout
584 2696 699 2758 superius
710 2700 749 2743 est
759 2699 916 2755 contentum,
926 2696 1027 2744 nomine
1037 2711 1126 2745 census
1135 2696 1174 2745 vel
1185 2698 1300 2746 redditus

248 2762 375 2822 antedicti,
386 2762 435 2809 sub
450 2761 531 2809 iorms
542 2760 680 2823 prescripta
689 2774 735 2821 pro
745 2774 811 2807 enno
822 2759 943 2808 solvimus
957 2761 1010 2822 jam
1021 2761 1262 2810 instanti—Actum
1273 2763 1300 2811 in

247 2826 364 2889 Cupitulo
370 2832 456 2875 nostro
466 2824 570 2884 Exonie,
581 2824 600 2901 ij
611 2825 695 2873 Nonus
708 2824 800 2886 Aprilis
806 2824 832 2883 [4
841 2822 931 2887 April}
940 2826 1013 2873 Anno
1023 2826 1124 2874 Domini
1134 2826 1194 2874 Meu
1203 2826 1302 2876 coemo

248 2896 327 2940 serto.
354 2892 450 2939 Datum
457 2890 653 2953 consignscionis
661 2905 713 2950 quo
723 2890 755 2937 sd
766 2904 818 2946 nos,
828 2889 979 2951 Episcopum
987 2890 1135 2952 predictum,
1143 2892 1211 2954 opud
1221 2892 1300 2941 Cridi·

246 2962 313 3015 tone,
325 2970 343 3003 x
359 2955 484 3004 Kalendas
497 2954 569 3003 lonii
589 2952 632 3016 [28
644 2952 720 3015 lisy}
728 2958 755 3002 et
765 2954 851 3016 quood
866 2969 919 3015 nos,
932 2954 1061 3003 Decsnnm
1073 2960 1099 3003 ct
1114 2953 1263 3018 Capitulum
1273 2961 1299 3006 et

246 3021 456 3069 Archidinconum
473 3020 623 3082 predictum,
634 3018 678 3082 n‘ij
699 3018 825 3067 Kalendas
836 3018 909 3068 Junii
920 3016 964 3094 [25
976 3019 1063 3083 lisy];
1081 3036 1184 3079 necnon,
1197 3037 1247 3083 quo
1267 3022 1299 3070 ud

248 3084 396 3148 Magistrum
413 3084 552 3147 Hospitalis
565 3083 672 3146 predicti
688 3100 705 3132 v
722 3082 849 3131 Kslendss
866 3082 937 3133 Jumi
954 3082 996 3146 [28
1017 3082 1093 3148 Moy}
1106 3086 1180 3133 Anno
1198 3086 1301 3136 Domini

247 3150 467 3213 supmdicto-Et
482 3154 522 3197 est
543 3164 629 3197 insum
644 3148 671 3196 in
687 3147 842 3196 diccionibus
864 3183 869 3196 .
894 3184 900 3196 .
924 3184 929 3196 .
953 3184 959 3197 .
982 3147 1188 3198 Archidc‘uconum
1211 3187 1217 3201 .
1242 3186 1248 3201 .
1268 3188 1273 3200 .
1293 3188 1299 3201 .

247 3214 398 3273 metiemur,
415 3214 529 3277 opposito
543 3218 604 3262 ante
619 3212 841 3273 consignscionem.
876 3212 966 3273 [There
980 3213 1001 3262 ie
1019 3229 1034 3261 a
1051 3214 1179 3276 duplicate
1195 3231 1257 3278 copy
1274 3217 1302 3265 oi

247 3280 299 3328 this
310 3276 456 3329 Document
465 3279 493 3327 in
503 3278 549 3327 the
560 3278 703 3327 Muniment
714 3278 801 3337 Room,
814 3276 862 3327 No.
881 3278 951 3337 21³5,
967 3278 1048 3327 which
1065 3281 1227 3342 corresponds
1238 3281 1301 3331 with

248 3346 293 3393 the
308 3360 377 3393 seme
392 3344 498 3408 usctly,
510 3348 600 3406 except
614 3343 673 3391 thot
686 3341 758 3390 there
772 3342 794 3390 is
809 3357 843 3390 no
861 3358 960 3391 erasure
973 3342 1040 3405 init,
1053 3344 1103 3392 and
1121 3360 1148 3393 so
1165 3344 1210 3393 the
1221 3348 1302 3395 words

248 3410 264 3433 ‘⁴
274 3410 309 3457 Et
325 3415 364 3458 est
380 3424 466 3457 rasore
480 3407 541 3459 w
559 3410 592 3456 do
604 3412 652 3456 not
668 3422 749 3456 occur.

214 3499 267 3547 The
278 3499 363 3547 firstis
375 3497 558 3557 Bndorsed,-“
567 3497 698 3547 Ordinscio
708 3512 859 3546 concernens
875 3496 963 3546 domos
974 3498 1148 3547 Archidieconi
1159 3500 1301 3561 Tottonie‚''

249 3564 309 3615 land
331 3562 425 3625 Bishop
446 3562 600 3611 Grandisson
617 3562 662 3611 hes
684 3562 766 3610 sdded
789 3562 834 3610 the
855 3563 937 3611 words
962 3562 977 3586 ‘¹
989 3578 1034 3626 pro
1056 3563 1128 3612 obitu
1150 3564 1247 3613 Thome
1269 3567 1301 3615 de

250 3626 412 3687 Bodehsm.”)
444 3626 688 3676 'l'hcreisesimiler
699 3626 926 3675 Endorscmenton
942 3626 986 3675 the
1002 3629 1100 3677 second.
1136 3629 1170 3678 of
1185 3630 1230 3678 the
1244 3630 1302 3679 four

248 3694 311 3742 scels
331 3698 381 3741 two
400 3692 460 3754 only
478 3691 538 3752 (ond
560 3692 605 3741 the
626 3706 694 3740 sume
713 3691 775 3751 two)
796 3692 892 3740 romain
911 3692 938 3739 in
957 3692 1017 3741 ecch
1037 3709 1109 3752 csso3
1127 3694 1172 3742 viz.
1190 3696 1303 3757 portione

247 3760 275 3806 oi
291 3758 384 3819 Bishop
397 3756 514 3820 Bytton's
524 3756 576 3805 scol
592 3756 660 3816 (thot
669 3755 787 3804 ettsched
798 3760 827 3805 to
838 3756 883 3804 the
898 3756 965 3805 First
979 3758 1121 3805 Document
1131 3758 1206 3821 being
1217 3761 1303 3824 nearly

248 3823 360 3885 perfect),
372 3822 449 3871 ends
464 3837 523 3883 very
540 3821 604 3883 good
620 3820 768 3884 impressicn
782 3821 809 3869 ci
824 3819 869 3869 the
880 3821 930 3869 secl
941 3822 968 3869 oi
979 3822 1139 3871 Archdeaoon
1152 3824 1261 3872 Willism
1272 3826 1305 3873 de

249 3884 441 3950 Pontyngdon}
470 3885 592 3946 (Arelica
601 3886 632 3943 of
640 3886 679 3935 the
690 3884 761 3933 Dece
771 3884 825 3934 ond
837 3884 948 3949 chapter,
961 3886 1008 3935 No.
1022 3889 1102 3948 2134).
1131 3888 1174 3937 See
1186 3890 1222 3938 St
1233 3890 1303 3940 Evsl.

150 3976 393 4062 Bcdekyshem,
407 3974 535 4040 Walter
550 3975 609 4054 dc;
633 3974 681 4051 R„
697 3974 745 4039 St.
768 3974 957 4039 Dominick.

149 4092 326 4164 Bodetone,
337 4088 479 4154 Thomas
495 4087 535 4153 de
552 4111 559 4167 ;
580 4108 629 4153 see
643 4085 834 4172 Fcringdon
851 4086 999 4171 (Hunis).

152 4202 294 4268 Bodmin
315 4199 482 4284 Priory‚—

217 4306 1304 4459 metantemnlyllquondOhcpurqfdimAppmprlctiomofolurtla
