3242 5100
586 514 919 571 ennmsnnrnnx.
1258 486 1329 566 241

272 758 339 807 iacili
357 757 438 807 trabit
453 758 620 821 repentinum.
655 758 728 820 Oura,
743 758 829 823 igitur,
846 756 962 809 nonnulli
981 755 1078 807 subditi
1097 755 1177 807 nostri
1197 754 1327 807 Archidia·

272 827 377 873 conatus
406 823 539 884 cornubie,
561 839 670 887 quorum
691 825 794 873 nomina
816 824 898 873 adhuc
920 824 1074 887 ignorantur,
1101 826 1186 885 preter
1213 838 1254 871 eoa
1281 821 1327 885 qui

272 887 422 937 nominatim
433 892 494 936 sunt
505 888 619 950 convicti,
630 889 718 937 illicita
727 889 776 937 arbi
791 889 865 938 licere
881 888 1186 937 credentes—comitivam
1196 888 1327 937 audaciam

272 953 394 1015 majorem
411 953 574 1016 delinquendi
592 954 716 1016 sacrilegis
735 953 785 1003 illis
807 954 852 1016 qui
875 953 901 1001 in
921 954 1071 1015 Magistrum
1092 952 1240 1013 Jordanum,
1263 952 1325 1003 olim

272 1018 483 1067 Arcbidiaconum
499 1018 632 1079 cornubie,
649 1022 676 1067 et
692 1018 752 1067 alias
773 1018 958 1067 Ecclesiasticae
975 1018 1095 1067 Personas
1111 1018 1179 1080 apud
1202 1017 1324 1067 Sanctum

271 1082 385 1131 Alunum
393 1088 420 1131 et
428 1083 453 1131 in
463 1084 540 1131 Parce
548 1084 580 1131 de
588 1083 696 1145 Gargaul
703 1099 793 1132 manua
799 1084 826 1133 in
827 1084 942 1146 jecerunt
950 1088 1044 1131 temere
1052 1082 1323 1132 violentas-habitum

272 1147 409 1196 clericalem
426 1163 502 1210 quern
521 1149 655 1211 gestabant
672 1148 877 1208 dehonestarunt,
897 1162 975 1211 equos
991 1162 1079 1197 eorum
1096 1148 1219 1209 quosdam
1239 1162 1324 1197 macu-

271 1212 364 1272 larunt,
379 1214 502 1274 quosdam
521 1212 711 1273 occideruntac
735 1214 783 1261 alia
799 1212 911 1261 enormia
926 1212 1020 1261 ibidem
1039 1212 1237 1273 commiserunt;
1254 1212 1323 1273 item,

270 1276 380 1353 capciqni
389 1277 506 1327 Officiatr
516 1278 596 1326 nostri
603 1282 631 1327 et
638 1278 799 1354 appellsciqni
807 1278 839 1327 de
848 1277 939 1326 felonia
946 1281 1099 1327 contraeunt
1108 1276 1218 1337 conficte
1227 1292 1325 1326 necnon

270 1346 666 1467 iiii‘fflii'fflirii
678 1343 1325 1471 fflfflnttttttttffitttit

271 1472 364 1520 uostris
381 1472 490 1534 dampna
511 1472 596 1535 gravia
617 1477 644 1521 et
670 1472 845 1521 intollerabilis
867 1472 938 1521 nobis
959 1472 1109 1531 intulerunt,
1132 1471 1159 1521 in
1182 1470 1323 1520 animarum

271 1552 374 1585 sumum
396 1537 535 1599 periculum
554 1542 581 1586 et
602 1537 770 1601 prejudicium
792 1542 819 1586 et
835 1552 969 1599 gravamen
991 1536 1161 1585 Ecclceisstice
1188 1536 1320 1597 libertatis,

270 1606 373 1663 propter
388 1602 456 1663 quod
472 1602 500 1650 in
515 1602 787 1651 Excommunicacionis
804 1602 963 1651 sentenciam
982 1601 1036 1664 ipso
1054 1602 1121 1650 iacto
1136 1600 1286 1660 inciderunt,
1297 1606 1325 1650 et

270 1666 420 1715 auctoritate
441 1667 584 1729 Apostolica
602 1682 631 1715 ac
647 1667 750 1715 Domini
771 1666 958 1716 Omtuariensis
975 1665 1160 1729 Archiepisoopi
1179 1665 1324 1715 denunoisti

271 1730 386 1780 existunt
396 1731 423 1779 in
434 1747 523 1794 genere
531 1732 566 1780 sic
573 1732 744 1794 ligati-Nos,
752 1732 860 1781 salutem
868 1732 1008 1780 animarum
1019 1730 1179 1779 subditorum
1188 1732 1325 1779 eorundem

270 1796 387 1855 rehntes,
398 1800 431 1846 ut
441 1801 565 1856 tenemur,
576 1797 646 1845 vobis
657 1797 807 1845 mandamus
817 1797 844 1845 in
853 1797 948 1845 virtute
959 1795 1107 1855 obediencie,
1120 1794 1225 1844 firmiter
1235 1795 1323 1858 iujun-

270 1866 358 1923 gsntes
369 1861 490 1923 quatinus
500 1862 588 1911 statim
599 1862 705 1925 receptis
721 1862 891 1921 Presentibus,
909 1860 1053 1925 postpositis
1069 1860 1177 1922 negociis
1194 1859 1322 1921 universis,

271 1926 411 1974 convocatis
422 1927 513 1975 adhoc
528 1927 667 1989 specialiter
683 1926 805 1989 Capitulis
821 1926 848 1975 in
867 1926 971 1989 singulis
989 1924 1165 1986 Decanatibus,
1177 1925 1324 1989 diligentem

270 1990 367 2039 faciatis
384 1990 577 2053 inquisicionem
599 1992 644 2054 qui
663 2007 738 2053 super
764 1991 891 2051 ommissis
913 1990 1039 2050 Articulis,
1063 1990 1102 2039 vel
1129 2005 1215 2039 eorum
1240 1990 1325 2053 aliquo

271 2054 406 2118 culpabiles
433 2057 550 2117 existant,
574 2061 605 2105 ut
626 2057 662 2105 sic
686 2056 761 2105 saluti
783 2056 925 2105 animamur
951 2070 1054 2105 suarum
1081 2054 1176 2105 mederi
1198 2055 1324 2104 valeamus

271 2120 396 2169 instructi
440 2120 582 2183 Inquirant‚
597 2121 708 2185 insuper,
724 2120 769 2183 qui
785 2137 844 2170 cum
861 2120 1010 2169 nominatim
1030 2119 1250 2169 excommunicatis
1267 2124 1325 2182 post

242 2207 245 2213 ·
271 2184 364 2234 iactam
376 2185 595 2235 denunciacionem
608 2186 758 2235 eanonicam
769 2186 992 2235 communicarunt
1011 2185 1046 2233 Et
1057 2185 1164 2249 qualiter
1175 2185 1324 2234 mandatum

272 2254 388 2299 nostrum
413 2250 513 2299 fueritis
540 2251 646 2311 executi,
674 2266 720 2313 per
741 2251 838 2299 literas
857 2256 953 2299 vestras
975 2251 1100 2309 Patentes,
1123 2250 1214 2298 harum
1235 2250 1325 2298 seriem

272 2315 436 2375 continentes,
460 2332 510 2364 una
532 2331 591 2364 cum
617 2316 784 2379 Inquisicione
806 2320 896 2375 vestra,
916 2315 1003 2378 sigillis
1024 2315 1114 2364 vestris
1136 2314 1240 2377 signata,
1262 2315 1326 2364 citra

272 2380 380 2428 inediam
390 2381 609 2443 Quadragcsimam
621 2396 667 2429 nos
677 2380 788 2429 reddatis
799 2381 1056 2429 cerciores—Datum
1068 2384 1099 2429 ut
1110 2395 1185 2442 supra
1196 2396 1202 2438 ;
1220 2382 1258 2429 60.

239 2443 313 2492 Anno
333 2446 429 2502 eodem,
448 2447 517 2508 apud
534 2446 675 2506 Cridetoue,
685 2446 748 2494 ieris
764 2445 842 2494 tercia
859 2445 885 2493 in
905 2445 1051 2493 Ebdomada
1070 2444 1164 2493 Pasche
1183 2442 1226 2507 [lo
1246 2444 1325 2507 April,

272 2509 355 2571 12751,
374 2510 453 2559 exivit
472 2510 556 2560 litera
574 2510 623 2560 sub
645 2511 691 2559 bac
714 2510 794 2559 forma
806 2510 978 2570 z—Walterue,
996 2510 1043 2559 Dei
1069 2510 1152 2572 gracia
1176 2509 1324 2560 Exoniensis

271 2575 417 2638 Episcopus,
436 2577 534 2625 dilectis
556 2576 613 2624 filiis
635 2576 766 2638 Proposito
785 2576 817 2624 de
837 2576 967 2638 Glasneya,
985 2575 1090 2624 Officiali
1111 2575 1282 2634 Cornubiensi,
1298 2579 1324 2624 et

270 2640 391 2702 Magistro
406 2640 502 2689 Thome
518 2642 550 2689 de
565 2640 697 2700 Boclonde,
710 2640 834 2689 Canonicc
852 2641 1032 2699 Cridetonensi,
1041 2641 1156 2698 salutem,
1165 2640 1280 2702 greciam,
1298 2644 1325 2689 et

270 2703 593 2754 benediccionem-Officii
604 2705 683 2754 nostri
699 2706 815 2754 debitum
832 2705 972 2753 animarum
989 2705 1065 2753 saluti
1081 2704 1209 2766 invigilare
1224 2709 1327 2753 tenetur

270 2769 446 2826 subditorum
467 2776 494 2819 st
512 2771 535 2819 si
553 2772 627 2819 Sacra
645 2771 733 2819 doceat
751 2770 847 2832 Pagina
864 2771 901 2818 ita
919 2785 1039 2832 magnum
1059 2774 1089 2817 ut
1108 2784 1214 2831 parvum
1236 2770 1327 2818 debere

271 2834 384 2897 judicari,
409 2835 476 2897 quia,
507 2839 601 2894 tamen,
623 2835 689 2883 inter
715 2836 810 2898 lepram
830 2839 856 2883 et
873 2835 967 2897 lepram
989 2834 1142 2896 distinguere
1161 2834 1272 2896 pertinet
1293 2835 1325 2882 ad

272 2899 389 2948 Officium
409 2899 561 2959 Pontificale,
574 2900 705 2961 debilibus,
717 2899 826 2959 senibus,
845 2905 872 2948 et
889 2899 1070 2948 miserabilibus
1090 2899 1207 2961 personis,
1227 2915 1255 2947 nc
1276 2899 1325 2948 sub

271 2964 352 3026 petria
379 2968 406 3013 et
432 2965 558 3013 dominica
584 2970 708 3028 potestate
738 2965 883 3012 constitutis
911 2964 1110 3012 subveniendum
1138 2969 1184 3023 est,
1212 2964 1325 3026 equitate

269 3029 398 3078 suadente.
432 3030 563 3092 Sauoquia
575 3030 695 3078 nonnulle
705 3029 909 3094 supranominata
917 3044 1021 3091 persone
1041 3027 1182 3077 Comitatus
1200 3029 1325 3077 Oornubis

270 3093 472 3142 dehonestacioni
489 3095 641 3144 clericorum
657 3094 717 3142 olim
736 3094 802 3142 iacta
821 3095 889 3156 apud
907 3095 1027 3142 Sanctum
1040 3092 1160 3152 Alunum,
1172 3098 1198 3141 et
1209 3093 1235 3140 in
1247 3095 1324 3141 Parco

269 3163 356 3207 nostro
380 3159 412 3207 de
429 3160 545 3221 Gargaul,
567 3159 746 3217 interfuerunt,
771 3163 798 3207 et
824 3159 1058 3207 dehonestatoribus
1086 3157 1232 3220 hujusmodi
1262 3159 1325 3206 citra

271 3238 393 3272 manuum
419 3223 582 3287 injeocionem
604 3223 747 3273 comitivam
769 3223 892 3283 fecerunt,
907 3223 970 3286 jussi
991 3227 1036 3272 sut
1058 3222 1163 3271 ioreitan
1185 3223 1271 3282 coacti,
1293 3227 1325 3272 ut

271 3289 418 3349 accepimus,
429 3305 458 3338 ac
469 3290 577 3352 quedem
588 3305 620 3337 ex
636 3288 806 3336 consimilibus
817 3287 928 3351 personis
939 3287 1116 3351 conspiracioni
1132 3291 1219 3336 contra
1235 3304 1280 3336 nos
1297 3293 1325 3336 et

272 3353 407 3402 Ecclesiam
423 3359 534 3403 nostram
550 3369 579 3402 ac
595 3353 697 3402 Clarum
712 3352 775 3402 inite
791 3356 989 3412 consenserunt,
1007 3353 1122 3416 quedam,
1135 3368 1199 3412 vcro,
1212 3368 1270 3401 cum
1281 3369 1323 3402 ex·

271 3418 469 3480 communicatis,
480 3419 539 3467 licet
554 3433 605 3467 non
617 3418 645 3466 in
661 3418 772 3478 crimine,
790 3417 850 3466 alise
865 3422 951 3466 tamen
967 3419 998 3466 de
1014 3417 1080 3466 iacto
1099 3417 1322 3478 communicarunt,

272 3481 906 3546 propterquenonestdubiumecsinSenteuciam
915 3481 1323 3542 Excommunicacionisincidisse;

271 3547 380 3596 salutern
399 3548 538 3598 animarum
566 3548 726 3597 subditorum
743 3551 887 3596 nostrorum
906 3547 1036 3596 ardencius
1055 3547 1170 3604 zelantes,
1192 3551 1222 3594 ut
1238 3561 1324 3595 ornnes

271 3613 372 3674 debiles,
384 3629 462 3674 senes,
474 3617 501 3662 et
516 3612 669 3662 miserabiles
679 3627 803 3675 personas,
816 3627 859 3661 seu
877 3611 924 3660 sub
941 3612 1020 3676 patris
1035 3616 1080 3660 aut
1096 3611 1190 3659 domini
1199 3615 1325 3674 potestate

271 3678 422 3728 constitutas
439 3679 502 3727 dicti
518 3677 668 3738 Comitatus,
688 3677 733 3740 qui
749 3677 813 3740 jussi
832 3681 878 3725 aut
893 3677 980 3734 coacti,
997 3692 1049 3725 non
1065 3679 1208 3738 spontanee,
1228 3677 1325 3739 preiate

271 3742 474 3792 debonestacioni
497 3742 524 3791 in
547 3743 628 3790 forma
649 3742 762 3804 predicta
783 3741 972 3800 iuterfuerunt;
995 3742 1065 3801 item,
1087 3754 1174 3788 ornnes
1201 3741 1257 3790 illos
1279 3741 1324 3805 qui

272 3808 384 3870 predicte
409 3807 587 3871 conspiracioni
608 3807 690 3867 inriti,
714 3821 766 3855 non
787 3806 935 3865 voluntarie,
961 3809 1158 3864 consenserunt;
1180 3820 1277 3855 necnon
1298 3811 1325 3856 et

271 3887 358 3921 ornnes
369 3873 425 3922 illos
436 3874 481 3936 qui
490 3888 549 3921 cum
557 3871 779 3920 excommunicatis
786 3886 838 3920 non
849 3875 933 3920 tamen
942 3871 1080 3920 incrimine
1091 3871 1309 3920 communicarunt
1319 3888 1325 3932 ;

271 3937 433 3986 consideratis
447 3937 602 4001 singulorum
619 3935 812 3996 condicionibus,
824 3940 851 3984 et
866 3939 965 3999 recepta
981 3936 1013 3983 ab
1028 3935 1063 3983 eis
1080 3934 1248 3984 satisfaccione
1259 3952 1325 3985 com·

270 4002 369 4065 petenti
379 4018 412 4052 ne
422 4003 497 4051 nimis
508 4005 651 4064 graventur,
662 4001 806 4049 absolvendi
816 4001 843 4049 in
860 4000 941 4049 forma
955 4000 1019 4062 juris
1035 4001 1134 4063 plenam
1152 3999 1221 4048 vobis
1234 4001 1325 4049 Metro·

270 4067 373 4129 politica
388 4073 415 4116 et
432 4072 517 4116 nostra
532 4070 657 4129 potestate
673 4065 831 4114 concedimus
847 4065 1013 4124 facultatem
1032 4063 1170 4113 dummodo
1191 4065 1326 4114 salumem

270 4132 436 4193 penitenciam
448 4132 495 4180 sibi
511 4130 609 4180 anobis
624 4131 766 4193 injunctam
783 4133 926 4179 reverenter
945 4130 1069 4192 suscipere
1080 4134 1105 4177 et
1123 4144 1237 4192 peragere
1248 4147 1325 4179 sacra·

270 4201 386 4245 mentum
402 4196 560 4260 prestiterint
579 4196 710 4258 corporale.
743 4195 772 4244 si
788 4210 860 4258 quoe,
877 4210 943 4254 vero,
959 4195 986 4242 in
1002 4193 1119 4257 predictis
1138 4193 1266 4256 Articulis,
1287 4197 1326 4246 vel

270 4276 357 4310 eorum
376 4261 468 4324 aliquo,
485 4277 530 4324 per
546 4260 739 4323 Inquisicionem
755 4259 794 4308 vel
810 4259 871 4308 alias
889 4259 1004 4308 canonice
1020 4257 1156 4321 culpabiles
1172 4258 1325 4322 inveneritis,

270 4325 326 4373 illos
336 4327 466 4386 moneatis,
479 4331 575 4376 etcum
586 4326 676 4374 effectu
686 4324 813 4373 inducatis
824 4328 855 4372 ut
866 4325 898 4372 ad
909 4324 1032 4386 gremium
1050 4322 1160 4372 Feclesie
1177 4324 1286 4386 redeant,
1298 4331 1326 4374 et

269 4390 302 4438 de
323 4392 461 4440 commissis
480 4390 635 4440 satisfaciant
656 4393 832 4452 competenter.
868 4389 988 4452 Alioquin
1010 4388 1077 4452 ipsos
1096 4389 1325 4438 excommunicatos

269 4456 418 4507 nominatim
439 4472 484 4521 per
505 4460 587 4507 totam
609 4453 769 4517 Gor-nubtam,
791 4469 873 4519 usque
896 4454 929 4504 ad
950 4453 1148 4506 satisfaccionem
1166 4453 1324 4518 condignam,

291 4541 316 4598 R
