3242 5100
589 549 767 602 GENERAL
783 550 918 602 INDEX.

177 702 282 768 Forde
297 702 645 789 Abbey-eontinued.

273 815 505 866 communicacionie
522 817 666 866 sentencias
683 817 708 865 in
725 817 834 866 eundem
845 818 1018 868 venerabilem
1033 819 1135 867 Patrem
1153 819 1266 881 protulit,
1278 835 1333 882 pro·

273 881 403 942 mulgent,
411 897 454 929 scu
462 882 570 930 eundem
578 880 731 945 Episcopum
743 883 769 931 in
780 882 927 945 lurjusmodi
934 883 1079 932 Sentencias
1085 883 1201 932 incidisse
1209 885 1330 946 quodam·

274 947 349 994 modo
371 946 454 994 inaruit
473 963 517 994 seu
540 947 707 1006 denunciavit,
730 963 774 995 seu
797 948 875 996 eciam
897 949 1005 996 eundem
1021 947 1160 997 Dominum
1181 949 1333 1012 Episcopum

274 1011 420 1072 hujusmodi
432 1011 571 1060 Senteneiis
582 1012 695 1067 involvit,
704 1029 748 1060 seu
767 1012 911 1061 involutum
920 1030 972 1061 esse
984 1013 1122 1075 supposuit
1157 1014 1229 1062 Idem
1241 1014 1333 1074 Abbas,

273 1075 316 1137 vij.
341 1076 403 1124 ldus
425 1076 488 1124 Julii
510 1076 536 1136 [9
558 1076 631 1138 July]
654 1077 729 1124 Anno
751 1077 839 1125 (inicis
859 1078 904 1125 ΜΟ.
929 1078 989 1127 000.
1013 1076 1075 1126 lax0.
1095 1077 1193 1140 quinto,
1216 1078 1243 1126 in
1268 1079 1334 1127 Aula

274 1141 387 1202 ejusdem
401 1141 502 1189 Domini
513 1142 580 1202 apud
593 1142 722 1200 Eroniam,
735 1157 792 1189 eum
804 1142 940 1190 deliberato
952 1143 1053 1190 consilio
1069 1144 1230 1204 personaliter
1241 1144 1332 1191 consti·

274 1210 357 1264 tutus,
376 1206 402 1253 in
424 1205 550 1268 presencia
567 1205 723 1254 Prelatorum
749 1206 865 1254 Civitatis
886 1208 988 1266 Enosis,
1006 1212 1033 1255 et
1056 1207 1158 1270 majoris
1170 1208 1247 1270 partis
1267 1209 1333 1256 Cleri

274 1270 415 1318 Comitatus
438 1271 555 1330 Devenie‚
580 1287 623 1333 pro
645 1271 756 1318 subsidio
779 1272 854 1319 'l'erre
873 1273 963 1320 Sancte
980 1272 1074 1320 ibidem
1093 1272 1256 1334 solempniter
1275 1289 1333 1321 con·

274 1340 441 1396 gregatoruur,
461 1341 598 1397 spontanea
616 1336 746 1384 voluntate
765 1337 831 1384 bona
853 1338 902 1384 fide
922 1342 948 1384 et
964 1353 1024 1384 sana
1041 1337 1191 1385 consciencia
1207 1337 1291 1385 omnia
1307 1343 1334 1386 et

274 1400 372 1461 singula
390 1401 508 1462 premissa
527 1400 574 1449 sibi
592 1399 690 1462 objecta
708 1401 833 1449 inficiatus
852 1405 891 1449 est
909 1402 935 1449 in
954 1402 1035 1449 forma
1054 1418 1103 1464 que
1114 1402 1230 1464 sequitur
1241 1403 1333 1463 :-Ego

276 1463 426 1524 Willelmus,
440 1465 524 1514 Abbes
536 1466 567 1512 de
577 1465 664 1524 Forde,
676 1466 774 1527 publice
785 1465 904 1528 profiteor
913 1466 1061 1514 intencionie
1073 1482 1127 1514 mee
1138 1482 1188 1515 non
1200 1466 1277 1515 luisse
1287 1482 1333 1515 nec

275 1545 327 1576 ease
347 1529 373 1577 in
392 1545 495 1591 persona
513 1529 615 1578 Domini
634 1530 781 1578 Exoniensis
799 1531 915 1592 Episcopi
930 1531 1040 1593 aliquam
1061 1531 1333 1580 Exoommunicacionis

275 1594 432 1642 Sentenciam
444 1595 613 1656 promulgasse
622 1610 667 1643 nec
679 1594 842 1658 promulgare,
852 1612 897 1643 nec
904 1595 987 1657 ipsum
998 1595 1145 1658 hujusmodi
1156 1596 1288 1645 sentencia
1296 1597 1333 1645 in·

275 1658 379 1718 volvere,
392 1659 512 1722 quiequid
534 1659 559 1707 in
580 1659 672 1707 Literis
688 1661 749 1707 meis
766 1660 913 1708 executoriis
932 1660 1064 1708 Sentencie
1080 1677 1156 1723 super
1173 1661 1282 1709 Ecclesia
1301 1661 1333 1709 de

273 1723 399 1772 Taustolre
415 1740 460 1786 pro
480 1724 599 1784 Magistro
621 1724 745 1772 Willelmo
767 1725 798 1773 de
819 1725 984 1773 Dittonelate
996 1726 1160 1773 contineatur.
1195 1726 1230 1773 Et
1248 1725 1333 1788 siquid

274 1803 344 1836 secus
355 1789 382 1837 iu
393 1789 486 1836 eisdem
499 1789 596 1848 Literis,
608 1789 647 1837 vel
659 1804 744 1836 carram
756 1790 888 1848 occasione,
900 1789 1076 1847 actumfuerit,
1089 1790 1115 1837 in
1126 1790 1226 1838 irritum
1238 1807 1332 1840 revoco.

273 1854 421 1902 -Decanus
438 1869 539 1916 quoque
554 1853 708 1912 Exoniensis,
720 1855 798 1916 judex
811 1853 952 1916 principalis
971 1859 1033 1902 tunc
1047 1853 1082 1902 ibi
1093 1871 1200 1916 presens.
1213 1855 1257 1918 qui
1269 1856 1334 1904 vices

274 1933 331 1966 snas
343 1918 369 1966 iu
381 1918 490 1967 solidum
501 1934 551 1966 non
563 1918 728 1978 commiserat,
741 1919 767 1966 ia
787 1919 914 1980 presencia
933 1919 1130 1981 congregacionis
1148 1921 1258 1982 predicte
1276 1936 1333 1968 con·

274 1982 382 2030 similem
400 1988 426 2031 et
449 1983 612 2045 sollempnem
636 1983 819 2044 subsequenter
840 1985 901 2031 lecit
922 1984 1113 2032 revocacionem.
1171 1983 1202 2031 In
1225 2001 1334 2048 quorum

275 2047 448 2096 testimonium
460 2053 486 2095 et
498 2048 573 2095 fidem
585 2047 697 2110 prelatus
709 2049 832 2108 Deennus,
844 2047 960 2096 Decanus
980 2049 1118 2109 Wellensis,
1138 2049 1333 2098 Archidiaeonus

274 2113 411 2173 ll'ellensis,
424 2113 508 2160 Abbas
528 2113 693 2172 Hertilondie‚
712 2113 891 2161 'I'laesaurarius
914 2113 1067 2174 Exoniensis‚
1080 2115 1111 2161 de
1133 2114 1214 2162 Berlin
1236 2121 1260 2162 et
1279 2115 1332 2162 Fri·

275 2178 397 2226 telestolre
415 2177 518 2237 Priores,
539 2178 671 2225 Precentor
691 2178 879 2236 Criditonensis,
898 2179 1016 2240 Magister
1027 2179 1135 2227 Thomas
1154 2179 1185 2227 de
1201 2179 1332 2240 Bocloude,

275 2236 403 2290 Gissacrtus
426 2243 458 2290 de
481 2242 594 2305 Tytings‚
617 2247 643 2289 et
665 2242 753 2290 Petrus
776 2243 807 2290 de
825 2243 976 2303 Gardelorde
1000 2243 1118 2291 Canonici
1140 2244 1332 2304 Criditononses,

275 2307 383 2368 presenti
395 2307 568 2355 instrumento
579 2306 714 2369 sigillasse
732 2312 909 2369 apposuerunt
944 2308 1105 2355 Presentibus
1113 2308 1230 2356 Testibus
1240 2309 1333 2357 vocatis

274 2376 301 2419 et
324 2371 416 2434 rogatis
435 2370 619 2434 infrascriptis5
639 2371 762 2423 videlicet.
773 2372 893 2432 Magistro
908 2372 1033 2420 Willelmo
1053 2373 1155 2435 Wancy,
1174 2373 1283 2421 lloberto
1301 2375 1333 2422 de

275 2437 390 2497 Centone,
414 2437 519 2485 Ricardo
543 2437 576 2484 ds
593 2436 709 2498 Grangia,
726 2437 846 2498 Magistro
862 2436 977 2485 Johanne
994 2438 1025 2485 de
1042 2437 1201 2498 Wlfrintone,
1226 2439 1331 2487 Ricardo

275 2501 444 2566 Grandeuyne,
457 2499 565 2551 Ricardo
576 2502 608 2549 de
619 2501 760 2563 Dertelord‚
773 2506 799 2549 et
813 2500 880 2560 aliis;
899 2498 953 2552 63¹³.

180 2608 241 2673 lee
257 2608 361 2673 Attae
377 2608 407 2674 ie
423 2608 508 2673 cited
523 2615 554 2673 to
569 2630 698 2693 appear
713 2608 817 2693 before
832 2608 882 2673 tlte
898 2608 1022 2694 Bisleop
1035 2609 1077 2674 a'a
1092 2609 1262 2686 Enetos,-

243 2730 323 2789 nano,
335 2731 395 2789 loco,
404 2735 430 2778 et
441 2730 482 2778 die
489 2730 582 2778 eisdem
594 2730 672 2777 exivit
681 2728 764 2777 litera
775 2730 823 2777 arab
834 2729 880 2777 hac
892 2729 973 2777 forma
986 2729 1157 2789 :-Walterus,
1172 2730 1332 2779 miseracione

274 2794 366 2843 Divina
378 2795 524 2843 Exoniensis
536 2795 681 2857 Episcopus,
692 2795 783 2842 dilecto
802 2794 854 2842 filio
865 2794 1045 2842 Arclridiacono
1064 2795 1198 2842 Exoniensi
1217 2796 1332 2856 salutem,

274 2860 389 2923 gremium,
401 2865 427 2908 et
439 2858 645 2908 benediccionem.
681 2860 745 2908 Cum
755 2858 839 2907 Abbas
850 2860 882 2906 de
894 2860 981 2917 Forde,
993 2860 1142 2907 auctoritate
1154 2864 1246 2915 nostra,
1257 2876 1333 2922 super

273 2926 407 2973 violacione
419 2925 542 2987 sequestri
553 2925 639 2984 nostri,
651 2924 677 2972 in
689 2924 814 2973 fructibus
823 2924 932 2971 Ecclesie
940 2926 971 2971 de
983 2924 1061 2986 Otmy
1074 2925 1164 2973 Sancte
1177 2925 1253 2973 Made
1264 2924 1332 2983 facti,

274 2996 300 3038 et
311 2990 365 3038 aliis
376 2990 479 3037 dirersis
491 2989 631 3037 excessibus
643 2994 745 3037 vocatus
757 2989 853 3047 luisset,
865 2994 1138 3050 essetquecontraeum
1146 2990 1333 3051 aliquantulum

273 3070 416 3117 processum
436 3055 461 3102 in
483 3054 626 3117 prernissis;
647 3070 699 3113 nos,
719 3054 863 3101 effectanter
882 3058 913 3101 ut
932 3053 1033 3101 debitus
1051 3054 1108 3101 linis
1131 3055 1212 3102 eidem
1232 3055 1333 3116 negocio

273 3121 425 3182 imponatur,
437 3119 506 3168 vobis
518 3120 666 3167 mandamus
675 3118 794 3179 quatinus
806 3118 971 3179 peremptorie
979 3118 1061 3165 citetis
1069 3118 1196 3180 prelatum
1208 3119 1333 3167 abbatem

274 3186 342 3246 quod
361 3188 502 3247 compareat
520 3199 603 3231 coram
621 3183 700 3241 nobis,
713 3183 752 3230 vel
771 3182 836 3230 vices
852 3187 949 3231 nostras
968 3184 1112 3244 gerentem
1124 3184 1213 3245 Majori
1224 3184 1334 3232 Ecclesia

275 3248 416 3307 linconiensi,
441 3249 468 3296 in
497 3248 604 3297 crastino
627 3247 711 3296 Sancti
739 3246 846 3295 Martini
873 3247 994 3310 hyemalis
1024 3246 1067 3309 [12
1089 3247 1172 3307 Nov.]‚
1195 3249 1334 3297 secundum

276 3318 388 3361 tenorem
411 3317 592 3361 retroaewrum
613 3327 771 3375 processurus
790 3312 817 3360 in
836 3313 937 3373 negocio
959 3317 1102 3360 memorate
1137 3314 1172 3362 Et
1183 3313 1214 3360 de
1225 3313 1336 3375 presenti

276 3376 398 3427 Mandata
410 3383 495 3426 nostro
507 3377 606 3440 plenius
617 3382 721 3425 executa
732 3392 784 3436 nos,
797 3377 837 3424 vel
849 3377 914 3424 vices
926 3382 1023 3425 nostras
1033 3382 1170 3438 gerentem,
1182 3394 1227 3440 per
1238 3379 1334 3427 Literas

275 3448 371 3491 vestras
382 3444 508 3503 Petentes,
529 3443 619 3490 harum
638 3442 726 3490 seriem
746 3442 909 3503 continentes,
922 3442 996 3489 dictis
1012 3442 1052 3490 die
1070 3447 1096 3490 et
1114 3443 1167 3491 loco
1184 3442 1333 3491 certificetis.

275 3508 372 3556 Datum
383 3509 451 3570 apud
459 3507 603 3570 Horsleghe,
615 3507 642 3555 in
652 3507 726 3555 Festo
738 3506 859 3556 Omnium
871 3507 1027 3569 Sanctorum,
1040 3507 1238 3557 consecracionis
1248 3512 1335 3558 nostm

275 3572 349 3622 Anno
359 3573 435 3636 xviij⁰
443 3573 468 3633 [1
481 3573 545 3622 Nos.
561 3570 652 3634 127515
670 3572 708 3621 69.

180 3677 427 3764 Appoa'atment
442 3676 482 3764 os
490 3677 631 3743 Proetor
646 3676 686 3761 bp
701 3675 751 3742 aa
766 3674 944 3763 Bishap-

245 3808 320 3858 Anno
332 3808 427 3867 sedena
440 3808 507 3871 apud
519 3807 590 3866 Clist,
600 3807 640 3857 die
653 3807 769 3856 Mercurii
780 3806 894 3871 proxima
904 3812 962 3871 post
970 3807 1076 3857 Festum
1091 3808 1183 3858 Sancte
1194 3808 1335 3870 scolastice,

279 3872 390 3937 Virginis
410 3875 452 3935 [12
473 3872 531 3922 Feb,
545 3871 657 3932 1275-61,
677 3872 756 3921 exivit
775 3872 860 3922 Litera
878 3872 926 3922 sub
942 3872 989 3921 hsc
1006 3872 1087 3922 forma
1098 3874 1265 3923 z-Universis
1280 3880 1337 3936 etc,

279 3939 414 3999 walterus,
432 3938 619 3987 etc—Noverit
635 3937 791 3987 Universitas
807 3941 891 3986 vestra
907 3938 975 4000 quod
991 3954 1037 3986 nos
1055 3938 1168 3999 tammus,
1184 3939 1336 4001 ordinamus,

279 4008 307 4051 et
332 4002 511 4052 constituimus
545 4002 693 4065 Magistrum
723 4002 873 4051 Micholaum
904 4004 936 4051 de
957 4002 1061 4063 Musele,
1090 4002 1207 4051 clericum
1239 4004 1339 4067 Templi

281 4068 471 4129 [londoniensis
484 4068 672 4116 Procuratorem
684 4072 800 4116 nostrum
812 4067 838 4115 in
850 4068 967 4116 omnibus
979 4069 1060 4117 causis
1070 4072 1097 4117 et
1107 4067 1339 4133 negociisjudiciale

280 4132 611 4248 qxpppitceiumtecxigentilpus
630 4132 1078 4246 (lnssssrfflcmffldss-inssffl
1097 4138 1218 4246 ἓξὲξ
1234 4149 1291 4209 una
1311 4139 1339 4183 et

382 4214 433 4247 me
479 4212 619 4247 onvenum
648 4213 661 4245 e
694 4212 709 4245 o
740 4213 753 4245 c
863 4212 951 4245 mensas
1083 4213 1100 4246 n
1213 4213 1341 4259 coesset

280 4263 367 4324 alters,
379 4279 426 4312 nos
436 4268 482 4312 aut
490 4262 626 4311 Ecclesiam
638 4212 852 4311 nostrnm’dirbets
862 4266 908 4310 aut
924 4261 1044 4311 indirecte
1052 4235 1269 4325 (suabtercumque
1283 4279 1340 4312 con·

283 4328 442 4391 tingentibus
455 4344 462 4386 ;
487 4328 577 4377 dantes
599 4328 680 4376 eidem
704 4330 857 4389 potestatem
872 4330 900 4375 et
915 4326 1065 4376 Mandatum
1080 4328 1185 4390 speciale
1194 4328 1298 4392 jurandi
1313 4328 1340 4378 in

261 4412 263 4416 >
282 4394 393 4445 enimam
404 4397 517 4445 noemam
526 4392 656 4459 quodlibet
666 4407 745 4457 genus
755 4391 910 4457 juramenti5
931 4391 993 4441 alios
1001 4392 1184 4457 Procuratores,
1200 4408 1246 4443 seu
1262 4392 1341 4447 alium
