3242 5100
625 569 841 624 Arrnumx.
1252 546 1325 619 293

234 723 309 773 caru
319 722 386 773 inter
394 724 540 787 Capimlum
548 724 620 773 Beati
631 724 701 774 Petri
709 722 858 773 Exonienaie
872 727 899 773 et
915 722 1055 773 Waltemm
1062 722 1171 786 Raleghe
1182 726 1209 773 ct
1220 738 1324 773 uxorem

268 789 331 851 cjua,
343 788 375 837 de
387 790 499 852 quinque
509 789 621 852 ierlingia
632 794 698 838 terre
709 790 736 837 in
751 788 863 838 Manerio
873 790 905 837 de
916 790 1071 839 Stavertonu

231 852 307 901 Carta
320 854 421 902 Juliana
437 859 464 902 et
484 854 593 903 filiorum
610 870 714 902 suorum
731 854 763 902 de
781 854 868 918 quieto
884 853 1019 903 clemencia
1034 858 1101 902 terre
1118 853 1150 901 da
1167 850 1277 902 Cootone
1294 852 1321 902 in

264 917 374 966 Macerio
386 919 417 966 de
426 919 528 967 Douelie
540 918 680 979 [Dawliah].

232 982 307 1030 Curta
318 982 448 1046 Stephani,
458 983 643 1046 Archiepiacopi
655 984 849 1043 cantuariensis,
861 984 893 1031 de
911 982 1019 1031 denariis
1036 982 1141 1045 receptis
1153 983 1185 1030 de
1201 981 1321 1045 Magistro

263 1046 382 1109 H[ugone
392 1048 424 1097 de
432 1047 559 1110 ertoneJ,
568 1048 748 1097 Archidiucono
756 1048 917 1109 Tantoncnei,
929 1052 956 1095 at
964 1046 1083 1110 Magistro
1093 1048 1124 1095 Η.
1134 1046 1166 1095 de
1174 1047 1311 1097 Wmewich

262 1111 357 1161 scilicet
367 1112 399 1161 de
410 1113 599 1175 quadragesima
609 1113 712 1161 collecta
722 1118 836 1175 tempore
847 1110 960 1175 H[cn1ici
973 1111 1100 1171 Merehnl],
1112 1112 1236 1175 Episcopi.

232 1176 308 1225 Carta
319 1176 439 1225 willelmi
450 1178 482 1225 da
493 1176 626 1226 Coteiordc
637 1178 669 1225 de
679 1182 746 1225 terra
757 1182 784 1225 et
794 1178 868 1225 boeeo
879 1176 905 1225 in
917 1176 1027 1225 Menenio
1038 1178 1071 1225 de
1082 1177 1198 1226 Sidebiri.

232 1240 308 1289 Carta
318 1241 491 1290 Archidiaooni
502 1242 534 1290 da
548 1241 735 1304 Bemmtapolia
745 1243 777 1290 de
793 1258 853 1305 poce
869 1242 936 1290 iacta
952 1241 1113 1304 interipsum
1124 1246 1151 1289 et
1163 1240 1316 1304 Capitulum.

231 1305 413 1354 Testimonium
431 1306 557 1367 willelmi,
581 1306 749 1356 Catinooeneia
767 1306 875 1356 Ecclesia
891 1306 1045 1367 [Caithneee]
1068 1305 1185 1368 llinietri,
1203 1306 1235 1355 de
1251 1312 1318 1356 terra

262 1370 348 1419 Sancti
361 1371 449 1420 Pirani.

231 1434 371 1484 Convancio
388 1435 454 1485 iacta
473 1436 541 1484 inter
558 1436 704 1499 Capitulum
724 1437 795 1484 Beati
815 1436 884 1485 Petri
902 1434 1050 1484 Exonienaie
1068 1440 1096 1483 at
1113 1436 1217 1485 Petrum
1235 1434 1317 1485 filium

262 1499 362 1563 Pagani,
375 1501 406 1549 de
415 1501 515 1549 redditu
528 1501 671 1563 quindecim
682 1501 849 1549 denariorum.

229 1564 305 1612 Carta
317 1565 385 1613 Patri
396 1566 427 1613 da
438 1566 549 1625 Palerne,
561 1566 592 1614 de
603 1570 670 1614 terra
681 1566 707 1613 in
716 1566 769 1613 vico
781 1565 868 1614 Sancti
879 1565 950 1614 Pauli
962 1580 1076 1614 concanae
1087 1566 1209 1629 Capitulo.

229 1628 305 1741 Οεὲὴ
320 1629 459 1741 ff⁰i⁸¹¹d¹¹
482 1631 514 1678 de
541 1631 655 1679 Tuumne
677 1631 708 1679 de
730 1630 832 1679 redditu
860 1646 903 1679 aex
931 1630 1098 1689 denariorum,
1116 1646 1192 1693 propo
1214 1630 1316 1680 Portam

285 1709 319 1755 qu
338 1709 428 1743 onum
916 1726 920 1735 ·

215 1758 306 1806 'Carta
319 1758 440 1807 Willelmi
449 1759 493 1807 filii
506 1759 598 1807 Solvini
610 1760 642 1807 dc
653 1760 753 1807 redditu
766 1775 810 1807 aex
822 1759 988 1818 denariorum,
997 1760 1024 1807 iu
1032 1759 1092 1808 Vico
1103 1759 1315 1822 septemtrionali.

230 1822 370 1871 Convencio
377 1824 443 1872 inter
452 1824 598 1887 Capitulum
605 1824 926 1887 etPhilippumBelcbuche
933 1824 965 1873 de
974 1824 1075 1873 redditu
1084 1829 1140 1873 octo
1149 1825 1314 1873 denariorum.

229 1888 369 1937 Conveucio
380 1888 446 1938 iactu
457 1888 525 1937 inter
533 1889 679 1951 Capitulum
690 1894 717 1937 et
728 1889 883 1937 willelmum
899 1888 950 1937 Tril
964 1889 996 1937 de
1011 1888 1096 1953 quieta
1107 1888 1243 1941 climencia
1250 1894 1316 1939 terre

261 1952 293 2001 de
304 1954 450 2013 Bukcdune,
462 1968 512 2015 que
523 1960 563 2002 eet
573 1954 599 2001 in
613 1954 724 2002 Munatio
735 1954 767 2002 de
778 1954 892 2003 Sidebiri

231 2017 306 2066 Carta
317 2018 407 2080 Rogeri
417 2018 449 2067 de
460 2018 585 2067 Nunnant
597 2019 629 2067 de
640 2018 776 2068 donaeioue
786 2023 852 2067 tam
864 2018 895 2066 de
906 2017 930 2067 la
942 2018 1021 2068 Place.

230 2083 370 2132 Convencio
388 2082 456 2131 inter
472 2080 619 2146 Capitulum
631 2088 659 2132 et
675 2083 789 2132 Sibillam
808 2098 912 2131 uxorem
929 2083 1049 2133 willelmi
1065 2084 1097 2133 de
1114 2083 1264 2145 Burdeville,
1283 2084 1316 2133 de

261 2152 328 2195 tenu
338 2147 370 2195 (lc
382 2148 511 2211 Lanweye,
522 2148 550 2196 in
561 2148 672 2196 Manerio
683 2148 715 2195 de
723 2148 930 2197 Brenkeecumbo.

230 2212 371 2261 Convcncio
387 2212 454 2261 inter
474 2212 619 2274 Capitulum
633 2217 661 2262 et
674 2213 814 2263 weuram
832 2212 913 2261 filium
930 2212 1061 2262 Baldiwini
1077 2214 1108 2262 de
1122 2214 1231 2278 quadam
1249 2219 1316 2263 terra

261 2281 334 2324 extra
344 2276 446 2326 Portam
457 2277 609 2326 Australem.

230 2340 306 2389 Carta
316 2341 421 2390 walteri
431 2342 463 2390 de
480 2341 588 2405 Ralaghe
600 2343 632 2391 de
642 2342 752 2405 quadam
767 2347 834 2391 terra
845 2341 871 2390 in
889 2342 1045 2403 Stavertone,
1058 2358 1171 2392 couccaea
1190 2343 1316 2405 Capitulo.

231 2406 393 2520 QssmRiff
400 2407 478 2519 §etta
487 2412 571 2469 ponte,
582 2406 658 2456 micea
668 2405 784 2470 Capitulo
796 2408 828 2456 de
839 2406 954 2471 homagio
965 2422 1011 2456 auo
1022 2408 1089 2457 iacto
1098 2424 1181 2457 coram
1197 2408 1317 2471 Magistro

298 2471 304 2481 ¹
324 2486 338 2519 a
374 2486 390 2519 o
418 2472 515 2535 eHely.

231 2535 367 2586 Concordia
383 2536 457 2596 iacta,
470 2536 498 2587 in
509 2536 586 2588 Curia
600 2535 703 2587 Domini
717 2536 799 2600 Regia,
810 2536 877 2586 inter
887 2536 997 2587 Alanum
1015 2537 1047 2587 dc
1064 2538 1181 2588 Furnalle
1200 2542 1227 2588 et
1244 2538 1318 2588 Rona-

263 2602 393 2663 mundam,
404 2601 436 2650 dc
446 2618 498 2651 unc
509 2607 564 2651 orto
575 2603 602 2651 in
614 2602 729 2664 parochia
739 2604 831 2651 Sancte
843 2603 959 2652 Sativole.

230 2665 367 2780 ⁰⁰an
381 2667 493 2726 iactain
510 2667 586 2717 Curia
601 2667 704 2717 Domini
714 2667 796 2730 Regia,
807 2668 840 2717 de
851 2667 949 2716 duabus
966 2667 1069 2738 virgatia
1079 2673 1144 2718 terre
1155 2669 1187 2718 de
1198 2669 1319 2719 Bronten-

263 2745 321 2780 cum

234 2795 371 2844 Concordia
379 2795 453 2856 lacu,
463 2795 491 2845 in
500 2796 686 2846 CuriaDomini
696 2797 776 2860 Regia,
793 2797 861 2846 inter
877 2797 1016 2846 walterum
1028 2797 1061 2846 de
1072 2797 1180 2861 Roleghe
1190 2803 1217 2847 et
1229 2797 1318 2862 Magia-

265 2863 335 2909 trum
348 2860 486 2910 Henricum
496 2863 529 2911 de
540 2861 678 2910 Wmewich
690 2863 721 2910 de
732 2862 845 2924 quinque
855 2862 967 2925 ferlingia
978 2863 1003 2911 in
1016 2863 1136 2912 Halaond.

233 2922 378 2986 Concordia,
397 2925 465 2974 iacta
490 2925 518 2975 in
540 2926 616 2976 Curia
638 2926 741 2975 Domini
770 2927 852 2989 Regia,
874 2928 942 2976 inter
968 2926 1130 2990 Radulphum
1152 2929 1184 2976 de
1207 2929 1271 2992 Otry
1292 2933 1320 2977 at

265 2989 420 3038 Willelmum
431 2992 463 3039 de
475 2991 627 3056 swyudune,
639 2992 671 3039 de
682 3007 733 3039 una
743 2991 840 3054 virgata
851 2997 917 3041 terre
927 2992 953 3040 in
966 2991 1076 3040 Manerio
1090 2993 1123 3041 de
1137 2993 1293 3042 Salecumbe.

234 3053 372 3104 Concordia
382 3055 456 3116 iacta
467 3055 494 3104 in
506 3056 582 3105 Curia
591 3055 695 3104 Domini
703 3056 784 3118 Regia,
795 3056 863 3105 inter
874 3055 1036 3120 Radulphum
1052 3057 1117 3120 Otry
1134 3061 1161 3106 et
1178 3058 1318 3108 Robertum

264 3119 355 3168 Buzim
366 3124 391 3169 ct
403 3120 509 3168 Matilde
519 3136 623 3170 uxorem
633 3136 714 3180 auam,
726 3121 751 3168 in
765 3121 832 3171 laia.

229 3183 413 3234 Testimonium
425 3185 536 3248 Capituli
547 3185 694 3234 Exonieneia
705 3185 737 3233 de
748 3185 877 3234 Electione
890 3185 965 3248 pn'mi
979 3186 1073 3236 Decani
1081 3187 1236 3250 Exonienaie,
1247 3191 1274 3238 et
1285 3189 1317 3238 de

262 3249 379 3300 Eccleciia
389 3255 416 3298 at
426 3248 600 3314 Dignitatibua
610 3251 642 3299 ab
654 3249 775 3314 Epiacopo
785 3250 835 3300 eibi
845 3251 972 3300 conceeaia.
