<?xml version="1.0" encoding="UTF-8"?>
<!DOCTYPE html PUBLIC "-//W3C//DTD XHTML 1.0 Transitional//EN"
    "http://www.w3.org/TR/xhtml1/DTD/xhtml1-transitional.dtd">
<html xmlns="http://www.w3.org/1999/xhtml" xml:lang="en" lang="en">
 <head>
  <title>
</title>
<meta http-equiv="Content-Type" content="text/html;charset=utf-8" />
  <meta name='ocr-system' content='tesseract 3.04.00' />
  <meta name='ocr-capabilities' content='ocr_page ocr_carea ocr_par ocr_line ocrx_word'/>
</head>
<body>
  <div class='ocr_page' id='page_1' title='image "./registerswalter01hinggoog/registerswalter01hinggoog_0049.png"; bbox 0 0 3242 5100; ppageno 0'>
   <div class='ocr_carea' id='block_1_1' title="bbox 281 461 1301 547">
    <p class='ocr_par' dir='ltr' id='par_1_1' title="bbox 281 461 1301 547">
     <span class='ocr_line' id='line_1_1' title="bbox 281 461 1301 547; baseline -0.004 0"><span class='ocrx_word' id='word_1_1' title='bbox 281 481 361 547; x_wconf 73' lang='lat' dir='ltr'><strong>bns</strong></span> <span class='ocrx_word' id='word_1_2' title='bbox 377 480 635 547; x_wconf 70' lang='lat' dir='ltr'><strong>mesaneos</strong></span> <span class='ocrx_word' id='word_1_3' title='bbox 651 481 795 546; x_wconf 81' lang='lat' dir='ltr'><strong>mesor&gt;</strong></span> <span class='ocrx_word' id='word_1_4' title='bbox 812 489 1100 546; x_wconf 79' lang='lat' dir='ltr'><strong>ssossscousn</strong></span> <span class='ocrx_word' id='word_1_5' title='bbox 1278 461 1301 543; x_wconf 79' lang='lat'><strong>9</strong></span> 
     </span>
    </p>
   </div>
   <div class='ocr_carea' id='block_1_2' title="bbox 138 643 1299 1577">
    <p class='ocr_par' dir='ltr' id='par_1_2' title="bbox 138 643 1299 775">
     <span class='ocr_line' id='line_1_2' title="bbox 138 643 1299 710; baseline 0.003 -16"><span class='ocrx_word' id='word_1_6' title='bbox 138 646 204 696; x_wconf 86' lang='lat' dir='ltr'><strong>idem</strong></span> <span class='ocrx_word' id='word_1_7' title='bbox 212 645 317 697; x_wconf 87' lang='lat' dir='ltr'><strong>Electus</strong></span> <span class='ocrx_word' id='word_1_8' title='bbox 324 664 340 696; x_wconf 86' lang='lat' dir='ltr'><strong>s</strong></span> <span class='ocrx_word' id='word_1_9' title='bbox 350 647 462 696; x_wconf 88' lang='lat' dir='ltr'><strong>Domino</strong></span> <span class='ocrx_word' id='word_1_10' title='bbox 472 644 671 710; x_wconf 82' lang='lat' dir='ltr'><strong>Archiepiscopo,</strong></span> <span class='ocrx_word' id='word_1_11' title='bbox 683 661 734 696; x_wconf 85' lang='lat' dir='ltr'><strong>una</strong></span> <span class='ocrx_word' id='word_1_12' title='bbox 744 661 803 696; x_wconf 88' lang='lat' dir='ltr'><strong>cum</strong></span> <span class='ocrx_word' id='word_1_13' title='bbox 812 643 928 696; x_wconf 86' lang='lat' dir='ltr'><strong>Dominis</strong></span> <span class='ocrx_word' id='word_1_14' title='bbox 935 647 1089 698; x_wconf 74' lang='lat' dir='ltr'><strong>Norwicensi</strong></span> <span class='ocrx_word' id='word_1_15' title='bbox 1100 652 1128 697; x_wconf 92' lang='lat' dir='ltr'><strong>et</strong></span> <span class='ocrx_word' id='word_1_16' title='bbox 1135 647 1299 698; x_wconf 59' lang='lat' dir='ltr'><strong>&amp;reomensi</strong></span> 
     </span>
     <span class='ocr_line' id='line_1_3' title="bbox 139 710 908 775; baseline 0.001 -16"><span class='ocrx_word' id='word_1_17' title='bbox 139 711 240 773; x_wconf 89' lang='lat' dir='ltr'><strong>Electis,</strong></span> <span class='ocrx_word' id='word_1_18' title='bbox 251 717 292 762; x_wconf 87' lang='lat' dir='ltr'><strong>est</strong></span> <span class='ocrx_word' id='word_1_19' title='bbox 302 713 371 775; x_wconf 91' lang='lat' dir='ltr'><strong>apud</strong></span> <span class='ocrx_word' id='word_1_20' title='bbox 384 711 546 762; x_wconf 81' lang='lat' dir='ltr'><strong>Oantuariam</strong></span> <span class='ocrx_word' id='word_1_21' title='bbox 558 711 584 760; x_wconf 93' lang='lat' dir='ltr'><strong>in</strong></span> <span class='ocrx_word' id='word_1_22' title='bbox 596 711 762 774; x_wconf 83' lang='lat' dir='ltr'><strong>presbiterum</strong></span> <span class='ocrx_word' id='word_1_23' title='bbox 771 710 908 760; x_wconf 81' lang='lat' dir='ltr'><strong>ordinatus</strong></span> 
     </span>
    </p>

    <p class='ocr_par' dir='ltr' id='par_1_3' title="bbox 141 775 1298 1034">
     <span class='ocr_line' id='line_1_4' title="bbox 171 775 1298 840; baseline 0.004 -16"><span class='ocrx_word' id='word_1_24' title='bbox 171 777 247 825; x_wconf 77' lang='lat' dir='ltr'><strong>Anno</strong></span> <span class='ocrx_word' id='word_1_25' title='bbox 255 779 352 836; x_wconf 88' lang='lat' dir='ltr'><strong>eodem,</strong></span> <span class='ocrx_word' id='word_1_26' title='bbox 364 778 390 840; x_wconf 82' lang='lat' dir='ltr'><strong>vj</strong></span> <span class='ocrx_word' id='word_1_27' title='bbox 406 777 468 826; x_wconf 88' lang='lat' dir='ltr'><strong>Idus</strong></span> <span class='ocrx_word' id='word_1_28' title='bbox 481 775 568 825; x_wconf 81' lang='lat' dir='ltr'><strong>Marcii</strong></span> <span class='ocrx_word' id='word_1_29' title='bbox 578 775 622 840; x_wconf 83' lang='lat'><strong>[10</strong></span> <span class='ocrx_word' id='word_1_30' title='bbox 635 775 741 838; x_wconf 85' lang='lat' dir='ltr'><strong>llerch]‚</strong></span> <span class='ocrx_word' id='word_1_31' title='bbox 752 777 799 824; x_wconf 90' lang='lat' dir='ltr'><strong>hoc</strong></span> <span class='ocrx_word' id='word_1_32' title='bbox 810 781 851 824; x_wconf 85' lang='lat' dir='ltr'><strong>est</strong></span> <span class='ocrx_word' id='word_1_33' title='bbox 861 777 1047 826; x_wconf 86' lang='lat' dir='ltr'><strong>DieDominica</strong></span> <span class='ocrx_word' id='word_1_34' title='bbox 1057 778 1084 827; x_wconf 90' lang='lat' dir='ltr'><strong>in</strong></span> <span class='ocrx_word' id='word_1_35' title='bbox 1093 778 1217 837; x_wconf 84' lang='lat' dir='ltr'><strong>Passione,</strong></span> <span class='ocrx_word' id='word_1_36' title='bbox 1231 778 1298 828; x_wconf 86' lang='lat' dir='ltr'><strong>idem</strong></span> 
     </span>
     <span class='ocr_line' id='line_1_5' title="bbox 141 841 1297 904; baseline 0.003 -16"><span class='ocrx_word' id='word_1_37' title='bbox 141 841 243 890; x_wconf 86' lang='lat' dir='ltr'><strong>Electus</strong></span> <span class='ocrx_word' id='word_1_38' title='bbox 255 842 411 898; x_wconf 84' lang='lat' dir='ltr'><strong>Exonieneie,</strong></span> <span class='ocrx_word' id='word_1_39' title='bbox 420 857 473 890; x_wconf 87' lang='lat' dir='ltr'><strong>uns</strong></span> <span class='ocrx_word' id='word_1_40' title='bbox 483 856 541 890; x_wconf 91' lang='lat' dir='ltr'><strong>euru</strong></span> <span class='ocrx_word' id='word_1_41' title='bbox 552 841 672 904; x_wconf 74' lang='lat' dir='ltr'><strong>predictis</strong></span> <span class='ocrx_word' id='word_1_42' title='bbox 680 841 844 890; x_wconf 74' lang='lat' dir='ltr'>coventrensi</span> <span class='ocrx_word' id='word_1_43' title='bbox 854 845 882 890; x_wconf 88' lang='lat' dir='ltr'><strong>ct</strong></span> <span class='ocrx_word' id='word_1_44' title='bbox 893 841 1046 891; x_wconf 80' lang='lat' dir='ltr'><strong>Norwicensi</strong></span> <span class='ocrx_word' id='word_1_45' title='bbox 1058 843 1158 902; x_wconf 86' lang='lat' dir='ltr'><strong>Electis,</strong></span> <span class='ocrx_word' id='word_1_46' title='bbox 1170 843 1297 892; x_wconf 80' lang='lat' dir='ltr'><strong>abeodem</strong></span> 
     </span>
     <span class='ocr_line' id='line_1_6' title="bbox 141 905 1297 970; baseline 0.003 -16"><span class='ocrx_word' id='word_1_47' title='bbox 141 905 249 954; x_wconf 89' lang='lat' dir='ltr'><strong>Domino</strong></span> <span class='ocrx_word' id='word_1_48' title='bbox 259 906 436 956; x_wconf 72' lang='lat' dir='ltr'><strong>cantuariensi</strong></span> <span class='ocrx_word' id='word_1_49' title='bbox 447 911 487 954; x_wconf 91' lang='lat' dir='ltr'><strong>est</strong></span> <span class='ocrx_word' id='word_1_50' title='bbox 497 907 563 968; x_wconf 88' lang='lat' dir='ltr'><strong>apud</strong></span> <span class='ocrx_word' id='word_1_51' title='bbox 577 905 739 955; x_wconf 70' lang='lat' dir='ltr'><strong>cantuariam</strong></span> <span class='ocrx_word' id='word_1_52' title='bbox 750 906 777 954; x_wconf 90' lang='lat' dir='ltr'><strong>iu</strong></span> <span class='ocrx_word' id='word_1_53' title='bbox 789 906 942 968; x_wconf 70' lang='lat' dir='ltr'><strong>Episcopum</strong></span> <span class='ocrx_word' id='word_1_54' title='bbox 954 907 1121 956; x_wconf 82' lang='lat' dir='ltr'><strong>Exoniensem</strong></span> <span class='ocrx_word' id='word_1_55' title='bbox 1131 914 1297 970; x_wconf 80' lang='lat' dir='ltr'><strong>consecr-stus,</strong></span> 
     </span>
     <span class='ocr_line' id='line_1_7' title="bbox 142 968 1166 1034; baseline 0.002 -14"><span class='ocrx_word' id='word_1_56' title='bbox 142 972 299 1032; x_wconf 77' lang='lat' dir='ltr'><strong>presentibus</strong></span> <span class='ocrx_word' id='word_1_57' title='bbox 311 971 427 1020; x_wconf 91' lang='lat' dir='ltr'><strong>Dominis</strong></span> <span class='ocrx_word' id='word_1_58' title='bbox 434 968 605 1019; x_wconf 88' lang='lat' dir='ltr'><strong>Bathoniensi¹</strong></span> <span class='ocrx_word' id='word_1_59' title='bbox 614 975 641 1019; x_wconf 91' lang='lat' dir='ltr'><strong>et</strong></span> <span class='ocrx_word' id='word_1_60' title='bbox 648 970 821 1019; x_wconf 66' lang='lat' dir='ltr'><strong>salesbiriensi</strong></span> <span class='ocrx_word' id='word_1_61' title='bbox 827 969 999 1034; x_wconf 83' lang='lat' dir='ltr'><strong>Episcopis,st</strong></span> <span class='ocrx_word' id='word_1_62' title='bbox 1008 973 1096 1021; x_wconf 83' lang='lat' dir='ltr'><strong>multis</strong></span> <span class='ocrx_word' id='word_1_63' title='bbox 1103 973 1166 1022; x_wconf 81' lang='lat' dir='ltr'><strong>sliis.</strong></span> 
     </span>
    </p>

    <p class='ocr_par' dir='ltr' id='par_1_4' title="bbox 143 1033 1299 1290">
     <span class='ocr_line' id='line_1_8' title="bbox 172 1033 1299 1100; baseline 0.003 -16"><span class='ocrx_word' id='word_1_64' title='bbox 172 1035 190 1060; x_wconf 79' lang='lat'><strong>‘⁶</strong></span> <span class='ocrx_word' id='word_1_65' title='bbox 198 1036 274 1084; x_wconf 76' lang='lat' dir='ltr'><strong>Anno</strong></span> <span class='ocrx_word' id='word_1_66' title='bbox 285 1037 382 1096; x_wconf 73' lang='lat' dir='ltr'><strong>eodem</strong></span> <span class='ocrx_word' id='word_1_67' title='bbox 394 1035 422 1098; x_wconf 84' lang='lat' dir='ltr'><strong>iij</strong></span> <span class='ocrx_word' id='word_1_68' title='bbox 435 1035 531 1084; x_wconf 72' lang='lat' dir='ltr'><strong>Nonus²</strong></span> <span class='ocrx_word' id='word_1_69' title='bbox 542 1035 628 1084; x_wconf 76' lang='lat' dir='ltr'><strong>Marcii</strong></span> <span class='ocrx_word' id='word_1_70' title='bbox 645 1035 687 1096; x_wconf 83' lang='lat'><strong>[13</strong></span> <span class='ocrx_word' id='word_1_71' title='bbox 702 1033 790 1083; x_wconf 83' lang='lat' dir='ltr'><strong>March</strong></span> <span class='ocrx_word' id='word_1_72' title='bbox 801 1034 828 1095; x_wconf 81' lang='lat' dir='ltr'><strong>ll,</strong></span> <span class='ocrx_word' id='word_1_73' title='bbox 839 1035 919 1084; x_wconf 76' lang='lat' dir='ltr'><strong>relato</strong></span> <span class='ocrx_word' id='word_1_74' title='bbox 929 1051 1030 1085; x_wconf 88' lang='lat' dir='ltr'><strong>rumore</strong></span> <span class='ocrx_word' id='word_1_75' title='bbox 1042 1037 1075 1085; x_wconf 91' lang='lat' dir='ltr'><strong>de</strong></span> <span class='ocrx_word' id='word_1_76' title='bbox 1090 1037 1164 1086; x_wconf 89' lang='lat' dir='ltr'><strong>obitu</strong></span> <span class='ocrx_word' id='word_1_77' title='bbox 1183 1037 1299 1100; x_wconf 72' lang='lat' dir='ltr'><strong>Msgistri</strong></span> 
     </span>
     <span class='ocr_line' id='line_1_9' title="bbox 144 1100 1298 1164; baseline 0.003 -16"><span class='ocrx_word' id='word_1_78' title='bbox 144 1100 272 1149; x_wconf 67' lang='lat' dir='ltr'><strong>laurencii</strong></span> <span class='ocrx_word' id='word_1_79' title='bbox 280 1101 399 1160; x_wconf 78' lang='lat' dir='ltr'><strong>declive,</strong></span> <span class='ocrx_word' id='word_1_80' title='bbox 407 1100 531 1148; x_wconf 85' lang='lat' dir='ltr'><strong>Dominus</strong></span> <span class='ocrx_word' id='word_1_81' title='bbox 542 1100 689 1148; x_wconf 83' lang='lat' dir='ltr'><strong>Exoniensis</strong></span> <span class='ocrx_word' id='word_1_82' title='bbox 701 1100 839 1164; x_wconf 73' lang='lat' dir='ltr'><strong>Episcopus</strong></span> <span class='ocrx_word' id='word_1_83' title='bbox 846 1101 955 1150; x_wconf 86' lang='lat' dir='ltr'><strong>contulit</strong></span> <span class='ocrx_word' id='word_1_84' title='bbox 963 1101 1120 1150; x_wconf 83' lang='lat' dir='ltr'><strong>Prehendam</strong></span> <span class='ocrx_word' id='word_1_85' title='bbox 1131 1103 1298 1151; x_wconf 84' lang='lat' dir='ltr'><strong>Exoniensem</strong></span> 
     </span>
     <span class='ocr_line' id='line_1_10' title="bbox 143 1164 1299 1230; baseline 0.003 -18"><span class='ocrx_word' id='word_1_86' title='bbox 143 1164 249 1214; x_wconf 90' lang='lat' dir='ltr'><strong>Domino</strong></span> <span class='ocrx_word' id='word_1_87' title='bbox 262 1165 318 1214; x_wconf 85' lang='lat' dir='ltr'><strong>Elis</strong></span> <span class='ocrx_word' id='word_1_88' title='bbox 327 1166 361 1213; x_wconf 90' lang='lat' dir='ltr'><strong>de</strong></span> <span class='ocrx_word' id='word_1_89' title='bbox 372 1165 477 1226; x_wconf 80' lang='lat' dir='ltr'><strong>cumbe,</strong></span> <span class='ocrx_word' id='word_1_90' title='bbox 488 1165 556 1228; x_wconf 88' lang='lat' dir='ltr'><strong>spud</strong></span> <span class='ocrx_word' id='word_1_91' title='bbox 568 1165 724 1224; x_wconf 86' lang='lat' dir='ltr'><strong>Derteiorde,</strong></span> <span class='ocrx_word' id='word_1_92' title='bbox 742 1180 820 1228; x_wconf 88' lang='lat' dir='ltr'><strong>quam</strong></span> <span class='ocrx_word' id='word_1_93' title='bbox 837 1165 907 1227; x_wconf 89' lang='lat' dir='ltr'><strong>prius</strong></span> <span class='ocrx_word' id='word_1_94' title='bbox 927 1167 1068 1215; x_wconf 86' lang='lat' dir='ltr'><strong>contulerst</strong></span> <span class='ocrx_word' id='word_1_95' title='bbox 1084 1167 1166 1215; x_wconf 86' lang='lat' dir='ltr'><strong>eidem</strong></span> <span class='ocrx_word' id='word_1_96' title='bbox 1177 1165 1299 1230; x_wconf 78' lang='lat' dir='ltr'><strong>Magistro</strong></span> 
     </span>
     <span class='ocr_line' id='line_1_11' title="bbox 144 1229 413 1290; baseline -0.004 -12"><span class='ocrx_word' id='word_1_97' title='bbox 144 1229 280 1278; x_wconf 65' lang='lat' dir='ltr'><strong>laurencio</strong></span> <span class='ocrx_word' id='word_1_98' title='bbox 292 1247 298 1290; x_wconf 89' lang='lat'><strong>;</strong></span> <span class='ocrx_word' id='word_1_99' title='bbox 311 1231 324 1250; x_wconf 89' lang='grc'>”</span> <span class='ocrx_word' id='word_1_100' title='bbox 336 1229 379 1278; x_wconf 85' lang='lat' dir='ltr'><strong>fol.</strong></span> <span class='ocrx_word' id='word_1_101' title='bbox 389 1231 413 1278; x_wconf 79' lang='lat'><strong>2.</strong></span> 
     </span>
    </p>

    <p class='ocr_par' dir='ltr' id='par_1_5' title="bbox 266 1291 1179 1329">
     <span class='ocr_line' id='line_1_12' title="bbox 266 1291 1179 1329; baseline 0.002 -11"><span class='ocrx_word' id='word_1_102' title='bbox 266 1293 281 1318; x_wconf 80' lang='lat' dir='ltr'><strong>s</strong></span> <span class='ocrx_word' id='word_1_103' title='bbox 624 1295 639 1327; x_wconf 64' lang='grc' dir='ltr'>ι</span> <span class='ocrx_word' id='word_1_104' title='bbox 806 1291 821 1318; x_wconf 80' lang='lat' dir='ltr'><strong>s</strong></span> <span class='ocrx_word' id='word_1_105' title='bbox 983 1293 999 1320; x_wconf 79' lang='lat' dir='ltr'><strong>s</strong></span> <span class='ocrx_word' id='word_1_106' title='bbox 1162 1297 1179 1329; x_wconf 58' lang='grc' dir='ltr'><em>ς</em></span> 
     </span>
    </p>

    <p class='ocr_par' dir='ltr' id='par_1_6' title="bbox 142 1356 1298 1577">
     <span class='ocr_line' id='line_1_13' title="bbox 173 1356 1298 1421; baseline 0.002 -13"><span class='ocrx_word' id='word_1_107' title='bbox 173 1359 248 1408; x_wconf 81' lang='lat' dir='ltr'><strong>Anno</strong></span> <span class='ocrx_word' id='word_1_108' title='bbox 267 1359 363 1419; x_wconf 86' lang='lat' dir='ltr'><strong>eodem,</strong></span> <span class='ocrx_word' id='word_1_109' title='bbox 384 1359 445 1421; x_wconf 80' lang='lat' dir='ltr'><strong>xviij</strong></span> <span class='ocrx_word' id='word_1_110' title='bbox 470 1359 596 1407; x_wconf 84' lang='lat' dir='ltr'><strong>Kalendas</strong></span> <span class='ocrx_word' id='word_1_111' title='bbox 615 1359 674 1407; x_wconf 80' lang='lat' dir='ltr'><strong>llsii</strong></span> <span class='ocrx_word' id='word_1_112' title='bbox 693 1356 737 1421; x_wconf 82' lang='lat' dir='ltr'><strong>[ll</strong></span> <span class='ocrx_word' id='word_1_113' title='bbox 760 1358 851 1421; x_wconf 84' lang='lat' dir='ltr'><strong>April],</strong></span> <span class='ocrx_word' id='word_1_114' title='bbox 872 1359 914 1408; x_wconf 87' lang='lat' dir='ltr'><strong>dic</strong></span> <span class='ocrx_word' id='word_1_115' title='bbox 931 1360 1082 1410; x_wconf 83' lang='lat' dir='ltr'><strong>Sanctorum</strong></span> <span class='ocrx_word' id='word_1_116' title='bbox 1104 1361 1249 1410; x_wconf 82' lang='lat' dir='ltr'><strong>Thiburthii</strong></span> <span class='ocrx_word' id='word_1_117' title='bbox 1271 1367 1298 1410; x_wconf 89' lang='lat' dir='ltr'><strong>et</strong></span> 
     </span>
     <span class='ocr_line' id='line_1_14' title="bbox 142 1421 1296 1488; baseline 0.003 -17"><span class='ocrx_word' id='word_1_118' title='bbox 142 1421 276 1484; x_wconf 71' lang='lat' dir='ltr'><strong>Valeriani</strong></span> <span class='ocrx_word' id='word_1_119' title='bbox 289 1423 335 1472; x_wconf 89' lang='lat' dir='ltr'><strong>hoc</strong></span> <span class='ocrx_word' id='word_1_120' title='bbox 346 1428 386 1472; x_wconf 85' lang='lat' dir='ltr'><strong>est</strong></span> <span class='ocrx_word' id='word_1_121' title='bbox 396 1439 412 1472; x_wconf 87' lang='lat' dir='ltr'><strong>a</strong></span> <span class='ocrx_word' id='word_1_122' title='bbox 423 1424 470 1472; x_wconf 78' lang='lat' dir='ltr'><strong>lue</strong></span> <span class='ocrx_word' id='word_1_123' title='bbox 481 1423 574 1472; x_wconf 88' lang='lat' dir='ltr'><strong>Pescbe</strong></span> <span class='ocrx_word' id='word_1_124' title='bbox 585 1424 612 1471; x_wconf 93' lang='lat' dir='ltr'><strong>iu</strong></span> <span class='ocrx_word' id='word_1_125' title='bbox 624 1427 675 1472; x_wconf 85' lang='lat' dir='ltr'><strong>tres</strong></span> <span class='ocrx_word' id='word_1_126' title='bbox 691 1424 852 1486; x_wconf 78' lang='lat' dir='ltr'><strong>septimense,</strong></span> <span class='ocrx_word' id='word_1_127' title='bbox 862 1424 1029 1474; x_wconf 79' lang='lat' dir='ltr'><strong>intmniastus</strong></span> <span class='ocrx_word' id='word_1_128' title='bbox 1040 1431 1080 1474; x_wconf 76' lang='lat' dir='ltr'><strong>est</strong></span> <span class='ocrx_word' id='word_1_129' title='bbox 1089 1427 1159 1488; x_wconf 82' lang='lat' dir='ltr'><strong>apud</strong></span> <span class='ocrx_word' id='word_1_130' title='bbox 1174 1427 1296 1476; x_wconf 83' lang='lat' dir='ltr'><strong>Exoniam</strong></span> 
     </span>
     <span class='ocr_line' id='line_1_15' title="bbox 144 1485 715 1577; baseline 0.004 -43"><span class='ocrx_word' id='word_1_131' title='bbox 144 1488 431 1577; x_wconf 32' lang='lat' dir='ltr'><strong>WalterusiExoniensis</strong></span> <span class='ocrx_word' id='word_1_132' title='bbox 443 1488 581 1576; x_wconf 70' lang='lat' dir='ltr'><strong>Episcopus</strong></span> <span class='ocrx_word' id='word_1_133' title='bbox 592 1505 598 1548; x_wconf 89' lang='lat'><strong>;</strong></span> <span class='ocrx_word' id='word_1_134' title='bbox 620 1487 663 1576; x_wconf 58' lang='lat' dir='ltr'><strong>spi.</strong></span> <span class='ocrx_word' id='word_1_135' title='bbox 678 1485 715 1537; x_wconf 78' lang='lat'><strong>2¹².</strong></span> 
     </span>
    </p>
   </div>
   <div class='ocr_carea' id='block_1_3' title="bbox 142 1553 1305 4148">
    <p class='ocr_par' dir='ltr' id='par_1_7' title="bbox 983 1553 1176 1579">
     <span class='ocr_line' id='line_1_16' title="bbox 983 1553 1176 1579; baseline 0.005 -1"><span class='ocrx_word' id='word_1_136' title='bbox 983 1553 998 1578; x_wconf 58' lang='lat' dir='ltr'>f</span> <span class='ocrx_word' id='word_1_137' title='bbox 1162 1554 1176 1579; x_wconf 77' lang='grc' dir='ltr'>Ι</span> 
     </span>
    </p>

    <p class='ocr_par' dir='ltr' id='par_1_8' title="bbox 142 1617 1302 2977">
     <span class='ocr_line' id='line_1_17' title="bbox 175 1617 1299 1684; baseline 0.002 -18"><span class='ocrx_word' id='word_1_138' title='bbox 175 1618 250 1667; x_wconf 74' lang='lat' dir='ltr'><strong>Anno</strong></span> <span class='ocrx_word' id='word_1_139' title='bbox 269 1617 365 1674; x_wconf 79' lang='lat' dir='ltr'><strong>eodem,</strong></span> <span class='ocrx_word' id='word_1_140' title='bbox 385 1617 429 1680; x_wconf 77' lang='lat' dir='ltr'><strong>viij</strong></span> <span class='ocrx_word' id='word_1_141' title='bbox 450 1617 575 1666; x_wconf 83' lang='lat' dir='ltr'><strong>Kalendas</strong></span> <span class='ocrx_word' id='word_1_142' title='bbox 595 1617 654 1665; x_wconf 81' lang='lat' dir='ltr'><strong>Maii</strong></span> <span class='ocrx_word' id='word_1_143' title='bbox 673 1617 715 1678; x_wconf 74' lang='lat'><strong>[24</strong></span> <span class='ocrx_word' id='word_1_144' title='bbox 732 1617 821 1680; x_wconf 81' lang='lat' dir='ltr'><strong>Aprill,</strong></span> <span class='ocrx_word' id='word_1_145' title='bbox 841 1624 941 1680; x_wconf 84' lang='lat' dir='ltr'><strong>recepte</strong></span> <span class='ocrx_word' id='word_1_146' title='bbox 952 1619 1036 1668; x_wconf 83' lang='lat' dir='ltr'><strong>litera</strong></span> <span class='ocrx_word' id='word_1_147' title='bbox 1053 1620 1203 1683; x_wconf 70' lang='lat' dir='ltr'><strong>Apoetolim,</strong></span> <span class='ocrx_word' id='word_1_148' title='bbox 1225 1621 1299 1684; x_wconf 64' lang='lat' dir='ltr'><strong>cuijus</strong></span> 
     </span>
     <span class='ocr_line' id='line_1_18' title="bbox 142 1679 1300 1748; baseline 0.003 -17"><span class='ocrx_word' id='word_1_149' title='bbox 142 1687 215 1732; x_wconf 85' lang='lat' dir='ltr'><strong>tenor</strong></span> <span class='ocrx_word' id='word_1_150' title='bbox 225 1683 321 1732; x_wconf 87' lang='lat' dir='ltr'><strong>residet</strong></span> <span class='ocrx_word' id='word_1_151' title='bbox 339 1698 415 1746; x_wconf 87' lang='lat' dir='ltr'><strong>penes</strong></span> <span class='ocrx_word' id='word_1_152' title='bbox 430 1679 607 1744; x_wconf 89' lang='lat' dir='ltr'><strong>W[illelmum]</strong></span> <span class='ocrx_word' id='word_1_153' title='bbox 619 1683 650 1730; x_wconf 91' lang='lat' dir='ltr'><strong>de</strong></span> <span class='ocrx_word' id='word_1_154' title='bbox 665 1682 772 1744; x_wconf 78' lang='lat' dir='ltr'><strong>Capella,</strong></span> <span class='ocrx_word' id='word_1_155' title='bbox 785 1683 864 1731; x_wconf 83' lang='lat' dir='ltr'><strong>exirit</strong></span> <span class='ocrx_word' id='word_1_156' title='bbox 880 1681 967 1732; x_wconf 80' lang='lat' dir='ltr'><strong>litere</strong></span> <span class='ocrx_word' id='word_1_157' title='bbox 982 1685 1098 1748; x_wconf 81' lang='lat' dir='ltr'><strong>Episcopi</strong></span> <span class='ocrx_word' id='word_1_158' title='bbox 1108 1685 1136 1733; x_wconf 93' lang='lat' dir='ltr'><strong>in</strong></span> <span class='ocrx_word' id='word_1_159' title='bbox 1152 1685 1199 1734; x_wconf 88' lang='lat' dir='ltr'><strong>hec</strong></span> <span class='ocrx_word' id='word_1_160' title='bbox 1214 1685 1300 1735; x_wconf 86' lang='lat' dir='ltr'><strong>verba:</strong></span> 
     </span>
     <span class='ocr_line' id='line_1_19' title="bbox 144 1747 1298 1810; baseline 0.003 -14"><span class='ocrx_word' id='word_1_161' title='bbox 144 1749 278 1808; x_wconf 85' lang='lat' dir='ltr'><strong>Walterus,</strong></span> <span class='ocrx_word' id='word_1_162' title='bbox 291 1747 449 1796; x_wconf 84' lang='lat' dir='ltr'><strong>miseracione</strong></span> <span class='ocrx_word' id='word_1_163' title='bbox 466 1747 511 1795; x_wconf 81' lang='lat' dir='ltr'><strong>&amp;e</strong></span> <span class='ocrx_word' id='word_1_164' title='bbox 529 1747 626 1795; x_wconf 86' lang='lat' dir='ltr'><strong>dilectis</strong></span> <span class='ocrx_word' id='word_1_165' title='bbox 642 1748 668 1796; x_wconf 88' lang='lat' dir='ltr'><strong>in</strong></span> <span class='ocrx_word' id='word_1_166' title='bbox 686 1747 787 1795; x_wconf 87' lang='lat' dir='ltr'><strong>Christo</strong></span> <span class='ocrx_word' id='word_1_167' title='bbox 797 1747 864 1806; x_wconf 86' lang='lat' dir='ltr'><strong>filiis,</strong></span> <span class='ocrx_word' id='word_1_168' title='bbox 880 1748 981 1796; x_wconf 89' lang='lat' dir='ltr'><strong>Decano</strong></span> <span class='ocrx_word' id='word_1_169' title='bbox 1000 1749 1145 1810; x_wconf 88' lang='lat' dir='ltr'><strong>Exoniensi,</strong></span> <span class='ocrx_word' id='word_1_170' title='bbox 1166 1755 1194 1799; x_wconf 91' lang='lat' dir='ltr'><strong>et</strong></span> <span class='ocrx_word' id='word_1_171' title='bbox 1211 1767 1298 1800; x_wconf 83' lang='lat' dir='ltr'><strong>coexe-</strong></span> 
     </span>
     <span class='ocr_line' id='line_1_20' title="bbox 142 1811 1299 1876; baseline 0.003 -14"><span class='ocrx_word' id='word_1_172' title='bbox 142 1813 274 1862; x_wconf 87' lang='lat' dir='ltr'><strong>eutoribus</strong></span> <span class='ocrx_word' id='word_1_173' title='bbox 296 1813 349 1860; x_wconf 85' lang='lat' dir='ltr'><strong>suis</strong></span> <span class='ocrx_word' id='word_1_174' title='bbox 366 1811 521 1860; x_wconf 68' lang='lat' dir='ltr'><strong>Testamenti</strong></span> <span class='ocrx_word' id='word_1_175' title='bbox 540 1811 605 1859; x_wconf 91' lang='lat' dir='ltr'><strong>bone</strong></span> <span class='ocrx_word' id='word_1_176' title='bbox 624 1812 743 1860; x_wconf 82' lang='lat' dir='ltr'><strong>memorie</strong></span> <span class='ocrx_word' id='word_1_177' title='bbox 761 1813 869 1873; x_wconf 82' lang='lat' dir='ltr'><strong>Ricardi,</strong></span> <span class='ocrx_word' id='word_1_178' title='bbox 886 1814 1066 1876; x_wconf 87' lang='lat' dir='ltr'><strong>predecessoris</strong></span> <span class='ocrx_word' id='word_1_179' title='bbox 1084 1815 1172 1876; x_wconf 81' lang='lat' dir='ltr'><strong>nostri,</strong></span> <span class='ocrx_word' id='word_1_180' title='bbox 1191 1816 1299 1865; x_wconf 82' lang='lat' dir='ltr'><strong>salutern</strong></span> 
     </span>
     <span class='ocr_line' id='line_1_21' title="bbox 144 1876 1301 1944; baseline 0.003 -19"><span class='ocrx_word' id='word_1_181' title='bbox 144 1879 261 1940; x_wconf 75' lang='lat' dir='ltr'><strong>graciam,</strong></span> <span class='ocrx_word' id='word_1_182' title='bbox 273 1883 300 1925; x_wconf 88' lang='lat' dir='ltr'><strong>et</strong></span> <span class='ocrx_word' id='word_1_183' title='bbox 311 1876 677 1936; x_wconf 69' lang='lat' dir='ltr'><strong>benedictionem-Quoniam</strong></span> <span class='ocrx_word' id='word_1_184' title='bbox 689 1877 874 1938; x_wconf 71' lang='lat' dir='ltr'><strong>fidedignorum</strong></span> <span class='ocrx_word' id='word_1_185' title='bbox 887 1878 970 1926; x_wconf 77' lang='lat' dir='ltr'><strong>reletu</strong></span> <span class='ocrx_word' id='word_1_186' title='bbox 980 1879 1151 1928; x_wconf 81' lang='lat' dir='ltr'><strong>intelleximus</strong></span> <span class='ocrx_word' id='word_1_187' title='bbox 1167 1882 1244 1942; x_wconf 84' lang='lat' dir='ltr'><strong>quod,</strong></span> <span class='ocrx_word' id='word_1_188' title='bbox 1255 1897 1301 1944; x_wconf 89' lang='lat' dir='ltr'><strong>per</strong></span> 
     </span>
     <span class='ocr_line' id='line_1_22' title="bbox 145 1941 1300 2006; baseline 0.003 -16"><span class='ocrx_word' id='word_1_189' title='bbox 145 1943 254 1991; x_wconf 90' lang='lat' dir='ltr'><strong>eundem</strong></span> <span class='ocrx_word' id='word_1_190' title='bbox 268 1942 464 2006; x_wconf 83' lang='lat' dir='ltr'><strong>predecessorem</strong></span> <span class='ocrx_word' id='word_1_191' title='bbox 476 1945 598 2000; x_wconf 87' lang='lat' dir='ltr'><strong>nostrum,</strong></span> <span class='ocrx_word' id='word_1_192' title='bbox 612 1941 758 1990; x_wconf 82' lang='lat' dir='ltr'><strong>Exoniensis</strong></span> <span class='ocrx_word' id='word_1_193' title='bbox 770 1941 880 1990; x_wconf 83' lang='lat' dir='ltr'><strong>Ecclesia</strong></span> <span class='ocrx_word' id='word_1_194' title='bbox 890 1943 965 1991; x_wconf 86' lang='lat' dir='ltr'><strong>rsriis</strong></span> <span class='ocrx_word' id='word_1_195' title='bbox 985 1949 1013 1992; x_wconf 92' lang='lat' dir='ltr'><strong>et</strong></span> <span class='ocrx_word' id='word_1_196' title='bbox 1029 1943 1147 2006; x_wconf 77' lang='lat' dir='ltr'><strong>grsribus</strong></span> <span class='ocrx_word' id='word_1_197' title='bbox 1157 1945 1250 1994; x_wconf 88' lang='lat' dir='ltr'><strong>debitis</strong></span> <span class='ocrx_word' id='word_1_198' title='bbox 1260 1951 1300 1994; x_wconf 90' lang='lat' dir='ltr'><strong>est</strong></span> 
     </span>
     <span class='ocr_line' id='line_1_23' title="bbox 143 2005 1301 2070; baseline 0.005 -16"><span class='ocrx_word' id='word_1_199' title='bbox 143 2014 254 2067; x_wconf 79' lang='lat' dir='ltr'><strong>onerate,</strong></span> <span class='ocrx_word' id='word_1_200' title='bbox 273 2012 300 2055; x_wconf 88' lang='lat' dir='ltr'><strong>et</strong></span> <span class='ocrx_word' id='word_1_201' title='bbox 319 2023 362 2068; x_wconf 80' lang='lat' dir='ltr'><strong>per</strong></span> <span class='ocrx_word' id='word_1_202' title='bbox 377 2005 499 2068; x_wconf 86' lang='lat' dir='ltr'><strong>quasdam</strong></span> <span class='ocrx_word' id='word_1_203' title='bbox 518 2005 666 2068; x_wconf 85' lang='lat' dir='ltr'><strong>inportunas</strong></span> <span class='ocrx_word' id='word_1_204' title='bbox 682 2006 826 2055; x_wconf 84' lang='lat' dir='ltr'><strong>exscciones</strong></span> <span class='ocrx_word' id='word_1_205' title='bbox 841 2007 868 2055; x_wconf 92' lang='lat' dir='ltr'><strong>in</strong></span> <span class='ocrx_word' id='word_1_206' title='bbox 879 2007 950 2056; x_wconf 81' lang='lat' dir='ltr'><strong>brevi</strong></span> <span class='ocrx_word' id='word_1_207' title='bbox 963 2008 1089 2057; x_wconf 77' lang='lat' dir='ltr'><strong>iaciendas</strong></span> <span class='ocrx_word' id='word_1_208' title='bbox 1105 2008 1132 2056; x_wconf 93' lang='lat' dir='ltr'><strong>in</strong></span> <span class='ocrx_word' id='word_1_209' title='bbox 1147 2009 1249 2070; x_wconf 85' lang='lat' dir='ltr'><strong>futuris,</strong></span> <span class='ocrx_word' id='word_1_210' title='bbox 1268 2016 1301 2061; x_wconf 87' lang='lat' dir='ltr'><strong>ut</strong></span> 
     </span>
     <span class='ocr_line' id='line_1_24' title="bbox 144 2069 1299 2134; baseline 0.003 -14"><span class='ocrx_word' id='word_1_211' title='bbox 144 2073 273 2130; x_wconf 85' lang='lat' dir='ltr'><strong>timemus,</strong></span> <span class='ocrx_word' id='word_1_212' title='bbox 290 2071 434 2130; x_wconf 62' lang='lat' dir='ltr'><strong>ones-sudu</strong></span> <span class='ocrx_word' id='word_1_213' title='bbox 451 2087 479 2119; x_wconf 87' lang='lat' dir='ltr'><strong>sc</strong></span> <span class='ocrx_word' id='word_1_214' title='bbox 495 2069 599 2134; x_wconf 88' lang='lat' dir='ltr'><strong>quidam</strong></span> <span class='ocrx_word' id='word_1_215' title='bbox 615 2070 673 2119; x_wconf 83' lang='lat' dir='ltr'><strong>novi</strong></span> <span class='ocrx_word' id='word_1_216' title='bbox 690 2071 832 2130; x_wconf 72' lang='lat' dir='ltr'><strong>creditores,</strong></span> <span class='ocrx_word' id='word_1_217' title='bbox 851 2087 933 2134; x_wconf 90' lang='lat' dir='ltr'><strong>nuper</strong></span> <span class='ocrx_word' id='word_1_218' title='bbox 944 2073 977 2120; x_wconf 87' lang='lat' dir='ltr'><strong>ad</strong></span> <span class='ocrx_word' id='word_1_219' title='bbox 995 2089 1042 2121; x_wconf 92' lang='lat' dir='ltr'><strong>nos</strong></span> <span class='ocrx_word' id='word_1_220' title='bbox 1060 2073 1195 2133; x_wconf 85' lang='lat' dir='ltr'><strong>venientes,</strong></span> <span class='ocrx_word' id='word_1_221' title='bbox 1216 2090 1299 2124; x_wconf 77' lang='lat' dir='ltr'><strong>corum</strong></span> 
     </span>
     <span class='ocr_line' id='line_1_25' title="bbox 144 2135 1299 2200; baseline 0.003 -16"><span class='ocrx_word' id='word_1_222' title='bbox 144 2137 217 2184; x_wconf 90' lang='lat' dir='ltr'><strong>nobis</strong></span> <span class='ocrx_word' id='word_1_223' title='bbox 237 2152 282 2184; x_wconf 81' lang='lat' dir='ltr'><strong>vos</strong></span> <span class='ocrx_word' id='word_1_224' title='bbox 298 2135 437 2184; x_wconf 83' lang='lat' dir='ltr'><strong>intendunt</strong></span> <span class='ocrx_word' id='word_1_225' title='bbox 452 2135 591 2194; x_wconf 87' lang='lat' dir='ltr'><strong>convenire,</strong></span> <span class='ocrx_word' id='word_1_226' title='bbox 607 2135 673 2184; x_wconf 79' lang='lat' dir='ltr'><strong>bons</strong></span> <span class='ocrx_word' id='word_1_227' title='bbox 689 2135 768 2198; x_wconf 88' lang='lat' dir='ltr'><strong>ipsius</strong></span> <span class='ocrx_word' id='word_1_228' title='bbox 786 2135 901 2185; x_wconf 73' lang='lat' dir='ltr'><strong>defuncti</strong></span> <span class='ocrx_word' id='word_1_229' title='bbox 916 2139 1213 2200; x_wconf 84' lang='lat' dir='ltr'><strong>sequestrantes,-vobis</strong></span> <span class='ocrx_word' id='word_1_230' title='bbox 1230 2155 1299 2189; x_wconf 84' lang='lat' dir='ltr'><strong>man-</strong></span> 
     </span>
     <span class='ocr_line' id='line_1_26' title="bbox 144 2199 1300 2264; baseline 0.003 -15"><span class='ocrx_word' id='word_1_231' title='bbox 144 2203 236 2249; x_wconf 85' lang='lat' dir='ltr'><strong>damus</strong></span> <span class='ocrx_word' id='word_1_232' title='bbox 254 2202 281 2249; x_wconf 91' lang='lat' dir='ltr'><strong>in</strong></span> <span class='ocrx_word' id='word_1_233' title='bbox 291 2200 388 2249; x_wconf 82' lang='lat' dir='ltr'><strong>virtute</strong></span> <span class='ocrx_word' id='word_1_234' title='bbox 399 2199 541 2248; x_wconf 85' lang='lat' dir='ltr'><strong>obediencie</strong></span> <span class='ocrx_word' id='word_1_235' title='bbox 552 2199 657 2248; x_wconf 87' lang='lat' dir='ltr'><strong>firmiter</strong></span> <span class='ocrx_word' id='word_1_236' title='bbox 667 2201 838 2264; x_wconf 73' lang='lat' dir='ltr'><strong>injungentes,</strong></span> <span class='ocrx_word' id='word_1_237' title='bbox 855 2202 977 2264; x_wconf 75' lang='lat' dir='ltr'><strong>quatinus</strong></span> <span class='ocrx_word' id='word_1_238' title='bbox 993 2203 1167 2252; x_wconf 88' lang='lat' dir='ltr'><strong>distribueioni</strong></span> <span class='ocrx_word' id='word_1_239' title='bbox 1177 2205 1300 2254; x_wconf 90' lang='lat' dir='ltr'><strong>bonorum</strong></span> 
     </span>
     <span class='ocr_line' id='line_1_27' title="bbox 144 2265 1299 2342; baseline 0.002 -27"><span class='ocrx_word' id='word_1_240' title='bbox 144 2265 260 2315; x_wconf 74' lang='lat' dir='ltr'><strong>defuncti</strong></span> <span class='ocrx_word' id='word_1_241' title='bbox 276 2265 408 2314; x_wconf 88' lang='lat' dir='ltr'><strong>memorati</strong></span> <span class='ocrx_word' id='word_1_242' title='bbox 424 2265 606 2327; x_wconf 87' lang='lat' dir='ltr'><strong>supersedeatis</strong></span> <span class='ocrx_word' id='word_1_243' title='bbox 623 2265 733 2324; x_wconf 87' lang='lat' dir='ltr'><strong>omnino,</strong></span> <span class='ocrx_word' id='word_1_244' title='bbox 747 2265 868 2314; x_wconf 82' lang='lat' dir='ltr'><strong>iacientes</strong></span> <span class='ocrx_word' id='word_1_245' title='bbox 879 2267 944 2316; x_wconf 86' lang='lat' dir='ltr'><strong>bona</strong></span> <span class='ocrx_word' id='word_1_246' title='bbox 958 2268 1073 2342; x_wconf 82' lang='lat' dir='ltr'><strong>predicte</strong></span> <span class='ocrx_word' id='word_1_247' title='bbox 1082 2269 1136 2316; x_wconf 90' lang='lat' dir='ltr'><strong>sine</strong></span> <span class='ocrx_word' id='word_1_248' title='bbox 1147 2269 1299 2332; x_wconf 86' lang='lat' dir='ltr'><strong>dispersione</strong></span> 
     </span>
     <span class='ocr_line' id='line_1_28' title="bbox 142 2329 1297 2396; baseline 0.003 -16"><span class='ocrx_word' id='word_1_249' title='bbox 142 2331 290 2386; x_wconf 80' lang='lat' dir='ltr'><strong>conservari.</strong></span> <span class='ocrx_word' id='word_1_250' title='bbox 303 2345 434 2393; x_wconf 81' lang='lat' dir='ltr'><strong>quousque</strong></span> <span class='ocrx_word' id='word_1_251' title='bbox 445 2330 476 2377; x_wconf 91' lang='lat' dir='ltr'><strong>de</strong></span> <span class='ocrx_word' id='word_1_252' title='bbox 487 2329 557 2378; x_wconf 87' lang='lat' dir='ltr'><strong>exitu</strong></span> <span class='ocrx_word' id='word_1_253' title='bbox 566 2329 726 2378; x_wconf 81' lang='lat' dir='ltr'><strong>exsceionum</strong></span> <span class='ocrx_word' id='word_1_254' title='bbox 733 2329 911 2393; x_wconf 82' lang='lat' dir='ltr'><strong>predictarum,</strong></span> <span class='ocrx_word' id='word_1_255' title='bbox 918 2331 950 2380; x_wconf 80' lang='lat' dir='ltr'><strong>sd</strong></span> <span class='ocrx_word' id='word_1_256' title='bbox 957 2332 1211 2395; x_wconf 79' lang='lat' dir='ltr'><strong>mdempnicecionem</strong></span> <span class='ocrx_word' id='word_1_257' title='bbox 1219 2334 1297 2396; x_wconf 85' lang='lat' dir='ltr'><strong>ipsius</strong></span> 
     </span>
     <span class='ocr_line' id='line_1_29' title="bbox 147 2393 1300 2458; baseline 0.003 -14"><span class='ocrx_word' id='word_1_258' title='bbox 147 2395 267 2452; x_wconf 80' lang='lat' dir='ltr'><strong>Ecclesie,</strong></span> <span class='ocrx_word' id='word_1_259' title='bbox 276 2395 397 2443; x_wconf 83' lang='lat' dir='ltr'><strong>discussio</strong></span> <span class='ocrx_word' id='word_1_260' title='bbox 405 2394 502 2457; x_wconf 82' lang='lat' dir='ltr'><strong>plenior</strong></span> <span class='ocrx_word' id='word_1_261' title='bbox 508 2393 631 2442; x_wconf 73' lang='lat' dir='ltr'><strong>habeatur</strong></span> <span class='ocrx_word' id='word_1_262' title='bbox 643 2409 649 2452; x_wconf 92' lang='lat'>;</span> <span class='ocrx_word' id='word_1_263' title='bbox 666 2409 711 2458; x_wconf 91' lang='lat' dir='ltr'><strong>pro</strong></span> <span class='ocrx_word' id='word_1_264' title='bbox 719 2395 792 2443; x_wconf 86' lang='lat' dir='ltr'><strong>firm0</strong></span> <span class='ocrx_word' id='word_1_265' title='bbox 799 2399 914 2444; x_wconf 84' lang='lat' dir='ltr'><strong>tenentes</strong></span> <span class='ocrx_word' id='word_1_266' title='bbox 922 2397 999 2458; x_wconf 89' lang='lat' dir='ltr'><strong>quod,</strong></span> <span class='ocrx_word' id='word_1_267' title='bbox 1007 2397 1029 2444; x_wconf 92' lang='lat' dir='ltr'><strong>si</strong></span> <span class='ocrx_word' id='word_1_268' title='bbox 1037 2403 1125 2446; x_wconf 82' lang='lat' dir='ltr'><strong>contre</strong></span> <span class='ocrx_word' id='word_1_269' title='bbox 1131 2397 1178 2446; x_wconf 92' lang='lat' dir='ltr'><strong>hoc</strong></span> <span class='ocrx_word' id='word_1_270' title='bbox 1185 2405 1300 2448; x_wconf 89' lang='lat' dir='ltr'><strong>nostrum</strong></span> 
     </span>
     <span class='ocr_line' id='line_1_30' title="bbox 144 2458 1298 2527; baseline 0.002 -18"><span class='ocrx_word' id='word_1_271' title='bbox 144 2461 296 2510; x_wconf 76' lang='lat' dir='ltr'><strong>mandetum</strong></span> <span class='ocrx_word' id='word_1_272' title='bbox 307 2459 362 2522; x_wconf 89' lang='lat' dir='ltr'><strong>ipsa</strong></span> <span class='ocrx_word' id='word_1_273' title='bbox 372 2459 437 2508; x_wconf 86' lang='lat' dir='ltr'><strong>bona</strong></span> <span class='ocrx_word' id='word_1_274' title='bbox 448 2458 598 2507; x_wconf 84' lang='lat' dir='ltr'><strong>distribuere</strong></span> <span class='ocrx_word' id='word_1_275' title='bbox 607 2459 816 2522; x_wconf 84' lang='lat' dir='ltr'><strong>presumpseritis,</strong></span> <span class='ocrx_word' id='word_1_276' title='bbox 825 2461 1038 2524; x_wconf 87' lang='lat' dir='ltr'><strong>conquerentibus</strong></span> <span class='ocrx_word' id='word_1_277' title='bbox 1046 2463 1170 2511; x_wconf 83' lang='lat' dir='ltr'><strong>universis</strong></span> <span class='ocrx_word' id='word_1_278' title='bbox 1179 2463 1211 2512; x_wconf 90' lang='lat' dir='ltr'><strong>de</strong></span> <span class='ocrx_word' id='word_1_279' title='bbox 1220 2464 1298 2527; x_wconf 87' lang='lat' dir='ltr'><strong>vobis,</strong></span> 
     </span>
     <span class='ocr_line' id='line_1_31' title="bbox 145 2523 1301 2590; baseline 0.003 -15"><span class='ocrx_word' id='word_1_280' title='bbox 145 2527 256 2575; x_wconf 79' lang='lat' dir='ltr'><strong>Auctore</strong></span> <span class='ocrx_word' id='word_1_281' title='bbox 269 2525 384 2585; x_wconf 90' lang='lat' dir='ltr'><strong>Domino,</strong></span> <span class='ocrx_word' id='word_1_282' title='bbox 395 2524 499 2587; x_wconf 89' lang='lat' dir='ltr'><strong>plenum</strong></span> <span class='ocrx_word' id='word_1_283' title='bbox 510 2523 686 2573; x_wconf 85' lang='lat' dir='ltr'><strong>nichilominus</strong></span> <span class='ocrx_word' id='word_1_284' title='bbox 695 2524 870 2575; x_wconf 80' lang='lat' dir='ltr'><strong>exhibebimus</strong></span> <span class='ocrx_word' id='word_1_285' title='bbox 880 2525 982 2589; x_wconf 83' lang='lat' dir='ltr'><strong>justicie</strong></span> <span class='ocrx_word' id='word_1_286' title='bbox 988 2526 1209 2590; x_wconf 88' lang='lat' dir='ltr'><strong>complementum,</strong></span> <span class='ocrx_word' id='word_1_287' title='bbox 1218 2529 1301 2579; x_wconf 85' lang='lat' dir='ltr'><strong>Exon-</strong></span> 
     </span>
     <span class='ocr_line' id='line_1_32' title="bbox 146 2588 1302 2658; baseline 0.004 -19"><span class='ocrx_word' id='word_1_288' title='bbox 146 2591 222 2639; x_wconf 87' lang='lat' dir='ltr'><strong>iensis</strong></span> <span class='ocrx_word' id='word_1_289' title='bbox 238 2590 349 2639; x_wconf 83' lang='lat' dir='ltr'><strong>Ecclesie</strong></span> <span class='ocrx_word' id='word_1_290' title='bbox 365 2588 544 2652; x_wconf 84' lang='lat' dir='ltr'><strong>indempnitsti</strong></span> <span class='ocrx_word' id='word_1_291' title='bbox 560 2589 663 2653; x_wconf 88' lang='lat' dir='ltr'><strong>insuper</strong></span> <span class='ocrx_word' id='word_1_292' title='bbox 678 2590 809 2653; x_wconf 80' lang='lat' dir='ltr'><strong>provisuri.</strong></span> <span class='ocrx_word' id='word_1_293' title='bbox 844 2591 881 2639; x_wconf 87' lang='lat' dir='ltr'><strong>Et</strong></span> <span class='ocrx_word' id='word_1_294' title='bbox 896 2593 965 2655; x_wconf 91' lang='lat' dir='ltr'><strong>quod</strong></span> <span class='ocrx_word' id='word_1_295' title='bbox 987 2591 1015 2640; x_wconf 93' lang='lat' dir='ltr'><strong>in</strong></span> <span class='ocrx_word' id='word_1_296' title='bbox 1033 2592 1083 2641; x_wconf 90' lang='lat' dir='ltr'><strong>hiis</strong></span> <span class='ocrx_word' id='word_1_297' title='bbox 1102 2594 1201 2643; x_wconf 88' lang='lat' dir='ltr'><strong>racione</strong></span> <span class='ocrx_word' id='word_1_298' title='bbox 1216 2596 1302 2658; x_wconf 82' lang='lat' dir='ltr'><strong>previa</strong></span> 
     </span>
     <span class='ocr_line' id='line_1_33' title="bbox 145 2653 1302 2717; baseline 0.005 -14"><span class='ocrx_word' id='word_1_299' title='bbox 145 2653 303 2704; x_wconf 78' lang='lat' dir='ltr'><strong>decrevimus</strong></span> <span class='ocrx_word' id='word_1_300' title='bbox 314 2654 485 2713; x_wconf 83' lang='lat' dir='ltr'><strong>statuendum,</strong></span> <span class='ocrx_word' id='word_1_301' title='bbox 498 2653 637 2717; x_wconf 71' lang='lat' dir='ltr'><strong>opitulante</strong></span> <span class='ocrx_word' id='word_1_302' title='bbox 655 2654 764 2704; x_wconf 88' lang='lat' dir='ltr'><strong>Domino</strong></span> <span class='ocrx_word' id='word_1_303' title='bbox 774 2654 896 2704; x_wconf 78' lang='lat' dir='ltr'><strong>iaciemus</strong></span> <span class='ocrx_word' id='word_1_304' title='bbox 910 2656 1230 2709; x_wconf 72' lang='lat' dir='ltr'><strong>inviolabiliterobeervari.</strong></span> <span class='ocrx_word' id='word_1_305' title='bbox 1266 2660 1302 2709; x_wconf 85' lang='lat' dir='ltr'><strong>Et</strong></span> 
     </span>
     <span class='ocr_line' id='line_1_34' title="bbox 146 2718 1301 2786; baseline 0.004 -18"><span class='ocrx_word' id='word_1_306' title='bbox 146 2720 257 2784; x_wconf 87' lang='lat' dir='ltr'><strong>qualiter</strong></span> <span class='ocrx_word' id='word_1_307' title='bbox 267 2720 315 2768; x_wconf 85' lang='lat' dir='ltr'><strong>hoo</strong></span> <span class='ocrx_word' id='word_1_308' title='bbox 326 2724 440 2768; x_wconf 65' lang='lat' dir='ltr'><strong>nubum</strong></span> <span class='ocrx_word' id='word_1_309' title='bbox 452 2718 601 2767; x_wconf 69' lang='lat' dir='ltr'><strong>Mandatum</strong></span> <span class='ocrx_word' id='word_1_310' title='bbox 612 2719 750 2782; x_wconf 82' lang='lat' dir='ltr'><strong>proponitis</strong></span> <span class='ocrx_word' id='word_1_311' title='bbox 761 2719 898 2783; x_wconf 86' lang='lat' dir='ltr'><strong>adimplere</strong></span> <span class='ocrx_word' id='word_1_312' title='bbox 916 2736 961 2783; x_wconf 89' lang='lat' dir='ltr'><strong>per</strong></span> <span class='ocrx_word' id='word_1_313' title='bbox 979 2721 1065 2770; x_wconf 86' lang='lat' dir='ltr'><strong>literas</strong></span> <span class='ocrx_word' id='word_1_314' title='bbox 1076 2727 1171 2771; x_wconf 86' lang='lat' dir='ltr'><strong>vestras</strong></span> <span class='ocrx_word' id='word_1_315' title='bbox 1186 2730 1301 2786; x_wconf 82' lang='lat' dir='ltr'><strong>petentes</strong></span> 
     </span>
     <span class='ocr_line' id='line_1_35' title="bbox 145 2783 1300 2852; baseline 0.004 -18"><span class='ocrx_word' id='word_1_316' title='bbox 145 2786 238 2834; x_wconf 77' lang='lat' dir='ltr'><strong>humus</strong></span> <span class='ocrx_word' id='word_1_317' title='bbox 256 2784 345 2833; x_wconf 86' lang='lat' dir='ltr'><strong>seriem</strong></span> <span class='ocrx_word' id='word_1_318' title='bbox 360 2784 517 2832; x_wconf 85' lang='lat' dir='ltr'><strong>continentes</strong></span> <span class='ocrx_word' id='word_1_319' title='bbox 533 2783 605 2832; x_wconf 88' lang='lat' dir='ltr'><strong>nobis</strong></span> <span class='ocrx_word' id='word_1_320' title='bbox 622 2788 736 2833; x_wconf 85' lang='lat' dir='ltr'><strong>constsre</strong></span> <span class='ocrx_word' id='word_1_321' title='bbox 754 2784 857 2834; x_wconf 79' lang='lat' dir='ltr'><strong>fecistis.</strong></span> <span class='ocrx_word' id='word_1_322' title='bbox 892 2786 990 2834; x_wconf 80' lang='lat' dir='ltr'><strong>Datum</strong></span> <span class='ocrx_word' id='word_1_323' title='bbox 1000 2788 1068 2849; x_wconf 88' lang='lat' dir='ltr'><strong>apud</strong></span> <span class='ocrx_word' id='word_1_324' title='bbox 1080 2788 1261 2852; x_wconf 78' lang='lat' dir='ltr'><strong>Cheddeleghe,</strong></span> <span class='ocrx_word' id='word_1_325' title='bbox 1272 2790 1300 2839; x_wconf 93' lang='lat' dir='ltr'><strong>in</strong></span> 
     </span>
     <span class='ocr_line' id='line_1_36' title="bbox 146 2847 1224 2977; baseline 0.005 -79"><span class='ocrx_word' id='word_1_326' title='bbox 146 2850 258 2977; x_wconf 46' lang='lat' dir='ltr'><strong>“affl</strong></span> <span class='ocrx_word' id='word_1_327' title='bbox 268 2848 465 2962; x_wconf 53' lang='lat' dir='ltr'><strong>Sanclqrmiieqrgii</strong></span> <span class='ocrx_word' id='word_1_328' title='bbox 476 2848 586 2897; x_wconf 78' lang='lat' dir='ltr'><strong>liartiris</strong></span> <span class='ocrx_word' id='word_1_329' title='bbox 597 2848 639 2909; x_wconf 74' lang='lat' dir='ltr'><strong>[u</strong></span> <span class='ocrx_word' id='word_1_330' title='bbox 651 2847 743 2913; x_wconf 73' lang='lat' dir='ltr'><strong>AprilJ,</strong></span> <span class='ocrx_word' id='word_1_331' title='bbox 756 2848 955 2899; x_wconf 79' lang='lat' dir='ltr'><strong>Oonseerneionis</strong></span> <span class='ocrx_word' id='word_1_332' title='bbox 965 2856 1051 2901; x_wconf 76' lang='lat' dir='ltr'><strong>norb-e</strong></span> <span class='ocrx_word' id='word_1_333' title='bbox 1061 2868 1127 2902; x_wconf 85' lang='lat' dir='ltr'><strong>anno</strong></span> <span class='ocrx_word' id='word_1_334' title='bbox 1136 2853 1224 2916; x_wconf 79' lang='lat' dir='ltr'><strong>primo.</strong></span> 
     </span>
    </p>

    <p class='ocr_par' dir='ltr' id='par_1_9' title="bbox 260 2928 467 2963">
     <span class='ocr_line' id='line_1_37' title="bbox 260 2928 467 2963; baseline 0 -1"><span class='ocrx_word' id='word_1_335' title='bbox 260 2928 310 2962; x_wconf 71' lang='lat' dir='ltr'><strong>nso</strong></span> <span class='ocrx_word' id='word_1_336' title='bbox 388 2930 415 2961; x_wconf 83' lang='lat' dir='ltr'><strong>m</strong></span> <span class='ocrx_word' id='word_1_337' title='bbox 425 2932 467 2963; x_wconf 92' lang='grc'><strong>.·-</strong></span> 
     </span>
    </p>

    <p class='ocr_par' dir='ltr' id='par_1_10' title="bbox 145 2974 1302 3482">
     <span class='ocr_line' id='line_1_38' title="bbox 180 2974 1301 3046; baseline 0.006 -19"><span class='ocrx_word' id='word_1_338' title='bbox 180 2978 327 3028; x_wconf 80' lang='lat' dir='ltr'><strong>Reverendo</strong></span> <span class='ocrx_word' id='word_1_339' title='bbox 336 2978 404 3026; x_wconf 87' lang='lat' dir='ltr'><strong>Petri</strong></span> <span class='ocrx_word' id='word_1_340' title='bbox 414 2977 454 3026; x_wconf 75' lang='lat' dir='ltr'><strong>&amp;u</strong></span> <span class='ocrx_word' id='word_1_341' title='bbox 460 2974 549 3038; x_wconf 80' lang='lat' dir='ltr'><strong>-W.,³</strong></span> <span class='ocrx_word' id='word_1_342' title='bbox 557 2978 672 3027; x_wconf 83' lang='lat' dir='ltr'><strong>Decsnue</strong></span> <span class='ocrx_word' id='word_1_343' title='bbox 679 2978 858 3027; x_wconf 71' lang='lat' dir='ltr'><strong>etc-Litteras</strong></span> <span class='ocrx_word' id='word_1_344' title='bbox 866 2984 962 3029; x_wconf 86' lang='lat' dir='ltr'><strong>restrae</strong></span> <span class='ocrx_word' id='word_1_345' title='bbox 971 2981 1053 3044; x_wconf 88' lang='lat' dir='ltr'><strong>recepi</strong></span> <span class='ocrx_word' id='word_1_346' title='bbox 1063 2982 1301 3046; x_wconf 76' lang='lat' dir='ltr'><strong>etc-Mandatum,</strong></span> 
     </span>
     <span class='ocr_line' id='line_1_39' title="bbox 145 3042 1301 3109; baseline 0.006 -17"><span class='ocrx_word' id='word_1_347' title='bbox 145 3044 233 3108; x_wconf 84' lang='lat' dir='ltr'><strong>igitur,</strong></span> <span class='ocrx_word' id='word_1_348' title='bbox 245 3048 359 3091; x_wconf 71' lang='lat' dir='ltr'><strong>veebum</strong></span> <span class='ocrx_word' id='word_1_349' title='bbox 369 3046 498 3105; x_wconf 79' lang='lat' dir='ltr'><strong>gratanter</strong></span> <span class='ocrx_word' id='word_1_350' title='bbox 508 3047 672 3105; x_wconf 84' lang='lat' dir='ltr'><strong>ecceptsntes,</strong></span> <span class='ocrx_word' id='word_1_351' title='bbox 683 3042 755 3091; x_wconf 80' lang='lat' dir='ltr'><strong>robis</strong></span> <span class='ocrx_word' id='word_1_352' title='bbox 767 3042 833 3092; x_wconf 86' lang='lat' dir='ltr'><strong>bons</strong></span> <span class='ocrx_word' id='word_1_353' title='bbox 842 3044 893 3092; x_wconf 85' lang='lat' dir='ltr'><strong>tide</strong></span> <span class='ocrx_word' id='word_1_354' title='bbox 904 3044 1076 3107; x_wconf 89' lang='lat' dir='ltr'><strong>promittimus</strong></span> <span class='ocrx_word' id='word_1_355' title='bbox 1092 3049 1161 3109; x_wconf 90' lang='lat' dir='ltr'><strong>quod</strong></span> <span class='ocrx_word' id='word_1_356' title='bbox 1169 3048 1196 3097; x_wconf 89' lang='lat' dir='ltr'><strong>in</strong></span> <span class='ocrx_word' id='word_1_357' title='bbox 1205 3050 1301 3099; x_wconf 82' lang='lat' dir='ltr'><strong>admin-</strong></span> 
     </span>
     <span class='ocr_line' id='line_1_40' title="bbox 146 3106 1302 3177; baseline 0.005 -19"><span class='ocrx_word' id='word_1_358' title='bbox 146 3110 281 3158; x_wconf 87' lang='lat' dir='ltr'><strong>istraeione</strong></span> <span class='ocrx_word' id='word_1_359' title='bbox 292 3108 415 3156; x_wconf 90' lang='lat' dir='ltr'><strong>bonorum</strong></span> <span class='ocrx_word' id='word_1_360' title='bbox 426 3107 504 3169; x_wconf 88' lang='lat' dir='ltr'><strong>ipsius</strong></span> <span class='ocrx_word' id='word_1_361' title='bbox 519 3106 681 3167; x_wconf 78' lang='lat' dir='ltr'><strong>Testamenti,</strong></span> <span class='ocrx_word' id='word_1_362' title='bbox 699 3108 801 3157; x_wconf 90' lang='lat' dir='ltr'><strong>oonsilio</strong></span> <span class='ocrx_word' id='word_1_363' title='bbox 813 3114 896 3157; x_wconf 84' lang='lat' dir='ltr'><strong>vestro</strong></span> <span class='ocrx_word' id='word_1_364' title='bbox 912 3111 1003 3159; x_wconf 85' lang='lat' dir='ltr'><strong>amodo</strong></span> <span class='ocrx_word' id='word_1_365' title='bbox 1019 3112 1071 3159; x_wconf 78' lang='lat' dir='ltr'><strong>frui</strong></span> <span class='ocrx_word' id='word_1_366' title='bbox 1081 3113 1202 3175; x_wconf 83' lang='lat' dir='ltr'><strong>volentes,</strong></span> <span class='ocrx_word' id='word_1_367' title='bbox 1219 3120 1302 3177; x_wconf 87' lang='lat' dir='ltr'><strong>preter</strong></span> 
     </span>
     <span class='ocr_line' id='line_1_41' title="bbox 147 3172 1300 3241; baseline 0.005 -18"><span class='ocrx_word' id='word_1_368' title='bbox 147 3172 328 3223; x_wconf 83' lang='lat' dir='ltr'><strong>conscienciam</strong></span> <span class='ocrx_word' id='word_1_369' title='bbox 340 3177 448 3221; x_wconf 85' lang='lat' dir='ltr'><strong>vestram</strong></span> <span class='ocrx_word' id='word_1_370' title='bbox 460 3186 609 3221; x_wconf 88' lang='lat' dir='ltr'><strong>consensum</strong></span> <span class='ocrx_word' id='word_1_371' title='bbox 619 3177 646 3221; x_wconf 88' lang='lat' dir='ltr'><strong>et</strong></span> <span class='ocrx_word' id='word_1_372' title='bbox 662 3172 821 3221; x_wconf 83' lang='lat' dir='ltr'><strong>voluntatem</strong></span> <span class='ocrx_word' id='word_1_373' title='bbox 832 3173 865 3221; x_wconf 92' lang='lat' dir='ltr'><strong>de</strong></span> <span class='ocrx_word' id='word_1_374' title='bbox 880 3174 935 3237; x_wconf 86' lang='lat' dir='ltr'><strong>ipso</strong></span> <span class='ocrx_word' id='word_1_375' title='bbox 945 3176 1107 3225; x_wconf 68' lang='lat' dir='ltr'><strong>&#39;testamento</strong></span> <span class='ocrx_word' id='word_1_376' title='bbox 1118 3178 1300 3241; x_wconf 86' lang='lat' dir='ltr'><strong>distribuendo,</strong></span> 
     </span>
     <span class='ocr_line' id='line_1_42' title="bbox 147 3236 1301 3309; baseline 0.007 -22"><span class='ocrx_word' id='word_1_377' title='bbox 147 3238 276 3298; x_wconf 80' lang='lat' dir='ltr'><strong>solvendo,</strong></span> <span class='ocrx_word' id='word_1_378' title='bbox 299 3238 338 3285; x_wconf 84' lang='lat' dir='ltr'><strong>vel</strong></span> <span class='ocrx_word' id='word_1_379' title='bbox 360 3236 498 3285; x_wconf 87' lang='lat' dir='ltr'><strong>ordinando</strong></span> <span class='ocrx_word' id='word_1_380' title='bbox 521 3236 599 3285; x_wconf 87' lang='lat' dir='ltr'><strong>nichil</strong></span> <span class='ocrx_word' id='word_1_381' title='bbox 621 3237 653 3285; x_wconf 90' lang='lat' dir='ltr'><strong>de</strong></span> <span class='ocrx_word' id='word_1_382' title='bbox 675 3242 758 3286; x_wconf 80' lang='lat' dir='ltr'><strong>cetero</strong></span> <span class='ocrx_word' id='word_1_383' title='bbox 785 3239 1003 3301; x_wconf 85' lang='lat' dir='ltr'><strong>attemptabimus,</strong></span> <span class='ocrx_word' id='word_1_384' title='bbox 1026 3247 1066 3289; x_wconf 90' lang='lat' dir='ltr'><strong>set</strong></span> <span class='ocrx_word' id='word_1_385' title='bbox 1087 3242 1158 3291; x_wconf 86' lang='lat' dir='ltr'><strong>vobis</strong></span> <span class='ocrx_word' id='word_1_386' title='bbox 1179 3248 1301 3309; x_wconf 75' lang='lat' dir='ltr'><strong>tanquam</strong></span> 
     </span>
     <span class='ocr_line' id='line_1_43' title="bbox 147 3300 1301 3377; baseline 0.006 -25"><span class='ocrx_word' id='word_1_387' title='bbox 147 3302 270 3367; x_wconf 87' lang='lat' dir='ltr'><strong>superiori</strong></span> <span class='ocrx_word' id='word_1_388' title='bbox 280 3306 367 3351; x_wconf 89' lang='lat' dir='ltr'><strong>nostro</strong></span> <span class='ocrx_word' id='word_1_389' title='bbox 382 3301 410 3350; x_wconf 92' lang='lat' dir='ltr'><strong>in</strong></span> <span class='ocrx_word' id='word_1_390' title='bbox 425 3300 550 3377; x_wconf 84' lang='lat' dir='ltr'><strong>premissis</strong></span> <span class='ocrx_word' id='word_1_391' title='bbox 565 3302 701 3362; x_wconf 88' lang='lat' dir='ltr'><strong>humiliter,</strong></span> <span class='ocrx_word' id='word_1_392' title='bbox 718 3302 835 3364; x_wconf 86' lang='lat' dir='ltr'><strong>fideliter,</strong></span> <span class='ocrx_word' id='word_1_393' title='bbox 846 3308 874 3351; x_wconf 91' lang='lat' dir='ltr'><strong>et</strong></span> <span class='ocrx_word' id='word_1_394' title='bbox 886 3304 977 3353; x_wconf 83' lang='lat' dir='ltr'><strong>devote</strong></span> <span class='ocrx_word' id='word_1_395' title='bbox 993 3306 1210 3357; x_wconf 83' lang='lat' dir='ltr'><strong>obediemus-ln</strong></span> <span class='ocrx_word' id='word_1_396' title='bbox 1226 3311 1301 3374; x_wconf 86' lang='lat' dir='ltr'><strong>cujus</strong></span> 
     </span>
     <span class='ocr_line' id='line_1_44' title="bbox 147 3366 1302 3482; baseline 0.006 -65"><span class='ocrx_word' id='word_1_397' title='bbox 147 3366 329 3482; x_wconf 54' lang='grc' dir='ltr'>εωῐὲοιὶιέιιι</span> <span class='ocrx_word' id='word_1_398' title='bbox 352 3368 453 3453; x_wconf 67' lang='lat' dir='ltr'><strong>Exome,</strong></span> <span class='ocrx_word' id='word_1_399' title='bbox 476 3367 517 3415; x_wconf 89' lang='lat' dir='ltr'><strong>die</strong></span> <span class='ocrx_word' id='word_1_400' title='bbox 539 3366 625 3416; x_wconf 82' lang='lat' dir='ltr'><strong>Ssncti</strong></span> <span class='ocrx_word' id='word_1_401' title='bbox 652 3366 730 3415; x_wconf 79' lang='lat' dir='ltr'><strong>Marci</strong></span> <span class='ocrx_word' id='word_1_402' title='bbox 752 3368 911 3431; x_wconf 76' lang='lat' dir='ltr'><strong>Evangeliste</strong></span> <span class='ocrx_word' id='word_1_403' title='bbox 933 3369 976 3431; x_wconf 77' lang='lat'><strong>[25</strong></span> <span class='ocrx_word' id='word_1_404' title='bbox 1002 3370 1092 3435; x_wconf 62' lang='lat' dir='ltr'><strong>April}</strong></span> <span class='ocrx_word' id='word_1_405' title='bbox 1116 3373 1191 3422; x_wconf 81' lang='lat' dir='ltr'><strong>Anno</strong></span> <span class='ocrx_word' id='word_1_406' title='bbox 1214 3375 1302 3424; x_wconf 80' lang='lat' dir='ltr'><strong>Grecis</strong></span> 
     </span>
     <span class='ocr_line' id='line_1_45' title="bbox 150 3432 377 3482; baseline 0.009 -4"><span class='ocrx_word' id='word_1_407' title='bbox 150 3434 191 3482; x_wconf 78' lang='lat' dir='ltr'><strong>M⁰</strong></span> <span class='ocrx_word' id='word_1_408' title='bbox 313 3432 377 3480; x_wconf 84' lang='lat' dir='ltr'><strong>rii&#39;.</strong></span> 
     </span>
    </p>

    <p class='ocr_par' dir='ltr' id='par_1_11' title="bbox 149 3448 1305 4148">
     <span class='ocr_line' id='line_1_46' title="bbox 182 3448 1301 3565; baseline 0.008 -20"><span class='ocrx_word' id='word_1_409' title='bbox 182 3498 257 3545; x_wconf 81' lang='lat' dir='ltr'><strong>Anno</strong></span> <span class='ocrx_word' id='word_1_410' title='bbox 269 3448 364 3556; x_wconf 74' lang='lat' dir='ltr'><strong>eodeni,</strong></span> <span class='ocrx_word' id='word_1_411' title='bbox 376 3496 401 3559; x_wconf 82' lang='lat' dir='ltr'><strong>vj</strong></span> <span class='ocrx_word' id='word_1_412' title='bbox 415 3495 541 3544; x_wconf 70' lang='lat' dir='ltr'><strong>Kalendas</strong></span> <span class='ocrx_word' id='word_1_413' title='bbox 552 3493 614 3544; x_wconf 78' lang='lat' dir='ltr'><strong>Maii</strong></span> <span class='ocrx_word' id='word_1_414' title='bbox 625 3496 667 3556; x_wconf 80' lang='lat'><strong>(26</strong></span> <span class='ocrx_word' id='word_1_415' title='bbox 676 3496 768 3559; x_wconf 81' lang='lat' dir='ltr'><strong>April),</strong></span> <span class='ocrx_word' id='word_1_416' title='bbox 780 3496 860 3545; x_wconf 80' lang='lat' dir='ltr'><strong>exivit</strong></span> <span class='ocrx_word' id='word_1_417' title='bbox 870 3498 927 3546; x_wconf 81' lang='lat' dir='ltr'><strong>telis</strong></span> <span class='ocrx_word' id='word_1_418' title='bbox 939 3498 1030 3561; x_wconf 87' lang='lat' dir='ltr'><strong>Litera,</strong></span> <span class='ocrx_word' id='word_1_419' title='bbox 1041 3500 1103 3565; x_wconf 77' lang='lat' dir='ltr'><strong>iiij0&#39;</strong></span> <span class='ocrx_word' id='word_1_420' title='bbox 1113 3502 1301 3555; x_wconf 81' lang='lat' dir='ltr'><strong>Archidinconis</strong></span> 
     </span>
     <span class='ocr_line' id='line_1_47' title="bbox 149 3560 1302 3627; baseline 0.007 -16"><span class='ocrx_word' id='word_1_421' title='bbox 149 3562 247 3611; x_wconf 80' lang='lat' dir='ltr'><strong>directe</strong></span> <span class='ocrx_word' id='word_1_422' title='bbox 260 3562 432 3620; x_wconf 83' lang='lat' dir='ltr'><strong>:—ll&#39;alterus,</strong></span> <span class='ocrx_word' id='word_1_423' title='bbox 444 3560 603 3609; x_wconf 85' lang='lat' dir='ltr'><strong>miseracione</strong></span> <span class='ocrx_word' id='word_1_424' title='bbox 619 3568 674 3620; x_wconf 83' lang='lat' dir='ltr'><strong>ete,</strong></span> <span class='ocrx_word' id='word_1_425' title='bbox 691 3562 783 3610; x_wconf 87' lang='lat' dir='ltr'><strong>dilecto</strong></span> <span class='ocrx_word' id='word_1_426' title='bbox 794 3562 846 3610; x_wconf 85' lang='lat' dir='ltr'><strong>filio</strong></span> <span class='ocrx_word' id='word_1_427' title='bbox 862 3563 1042 3613; x_wconf 81' lang='lat' dir='ltr'><strong>Archidiacono</strong></span> <span class='ocrx_word' id='word_1_428' title='bbox 1059 3567 1202 3627; x_wconf 86' lang='lat' dir='ltr'><strong>Exoniensi,</strong></span> <span class='ocrx_word' id='word_1_429' title='bbox 1221 3575 1302 3619; x_wconf 84' lang='lat' dir='ltr'><strong>eto.-</strong></span> 
     </span>
     <span class='ocr_line' id='line_1_48' title="bbox 149 3625 1304 3692; baseline 0.007 -16"><span class='ocrx_word' id='word_1_430' title='bbox 149 3628 218 3677; x_wconf 84' lang='lat' dir='ltr'><strong>Gum</strong></span> <span class='ocrx_word' id='word_1_431' title='bbox 228 3626 295 3675; x_wconf 86' lang='lat' dir='ltr'><strong>inter</strong></span> <span class='ocrx_word' id='word_1_432' title='bbox 309 3626 489 3674; x_wconf 86' lang='lat' dir='ltr'><strong>sollicitudines</strong></span> <span class='ocrx_word' id='word_1_433' title='bbox 500 3625 601 3673; x_wconf 80' lang='lat' dir='ltr'><strong>elieser</strong></span> <span class='ocrx_word' id='word_1_434' title='bbox 612 3626 685 3673; x_wconf 90' lang='lat' dir='ltr'><strong>officii</strong></span> <span class='ocrx_word' id='word_1_435' title='bbox 701 3626 780 3675; x_wconf 89' lang='lat' dir='ltr'><strong>nostri</strong></span> <span class='ocrx_word' id='word_1_436' title='bbox 792 3627 878 3676; x_wconf 87' lang='lat' dir='ltr'><strong>debito</strong></span> <span class='ocrx_word' id='word_1_437' title='bbox 889 3628 1006 3692; x_wconf 83' lang='lat' dir='ltr'><strong>precipue</strong></span> <span class='ocrx_word' id='word_1_438' title='bbox 1016 3634 1148 3681; x_wconf 81' lang='lat' dir='ltr'><strong>teneamur</strong></span> <span class='ocrx_word' id='word_1_439' title='bbox 1163 3634 1304 3683; x_wconf 76' lang='lat' dir='ltr'><strong>animarum</strong></span> 
     </span>
     <span class='ocr_line' id='line_1_49' title="bbox 149 3690 1303 3757; baseline 0.007 -16"><span class='ocrx_word' id='word_1_440' title='bbox 149 3691 280 3755; x_wconf 77' lang='lat' dir='ltr'><strong>invigilare</strong></span> <span class='ocrx_word' id='word_1_441' title='bbox 290 3691 375 3750; x_wconf 82' lang='lat' dir='ltr'><strong>saluti,</strong></span> <span class='ocrx_word' id='word_1_442' title='bbox 391 3694 429 3749; x_wconf 89' lang='lat' dir='ltr'><strong>ut,</strong></span> <span class='ocrx_word' id='word_1_443' title='bbox 445 3706 562 3738; x_wconf 84' lang='lat' dir='ltr'><strong>converse</strong></span> <span class='ocrx_word' id='word_1_444' title='bbox 576 3690 608 3738; x_wconf 87' lang='lat' dir='ltr'><strong>ad</strong></span> <span class='ocrx_word' id='word_1_445' title='bbox 620 3691 748 3739; x_wconf 79' lang='lat' dir='ltr'><strong>Pastorem</strong></span> <span class='ocrx_word' id='word_1_446' title='bbox 762 3697 789 3740; x_wconf 89' lang='lat' dir='ltr'><strong>et</strong></span> <span class='ocrx_word' id='word_1_447' title='bbox 801 3692 953 3755; x_wconf 84' lang='lat' dir='ltr'><strong>Episcopum</strong></span> <span class='ocrx_word' id='word_1_448' title='bbox 963 3694 1104 3745; x_wconf 86' lang='lat' dir='ltr'><strong>animarum</strong></span> <span class='ocrx_word' id='word_1_449' title='bbox 1121 3713 1231 3757; x_wconf 78' lang='lat' dir='ltr'><strong>merum,</strong></span> <span class='ocrx_word' id='word_1_450' title='bbox 1243 3714 1303 3748; x_wconf 82' lang='lat' dir='ltr'><strong>oves</strong></span> 
     </span>
     <span class='ocr_line' id='line_1_50' title="bbox 149 3754 1302 3827; baseline 0.007 -22"><span class='ocrx_word' id='word_1_451' title='bbox 149 3756 203 3805; x_wconf 78' lang='lat' dir='ltr'><strong>reri</strong></span> <span class='ocrx_word' id='word_1_452' title='bbox 220 3755 331 3805; x_wconf 83' lang='lat' dir='ltr'><strong>Pastoris</strong></span> <span class='ocrx_word' id='word_1_453' title='bbox 344 3754 434 3803; x_wconf 85' lang='lat' dir='ltr'><strong>solseio</strong></span> <span class='ocrx_word' id='word_1_454' title='bbox 449 3754 589 3812; x_wconf 84' lang='lat' dir='ltr'><strong>foveantur,</strong></span> <span class='ocrx_word' id='word_1_455' title='bbox 610 3754 720 3803; x_wconf 87' lang='lat' dir='ltr'><strong>Eoolesis</strong></span> <span class='ocrx_word' id='word_1_456' title='bbox 734 3756 826 3819; x_wconf 89' lang='lat' dir='ltr'><strong>Sponsi</strong></span> <span class='ocrx_word' id='word_1_457' title='bbox 842 3757 882 3805; x_wconf 88' lang='lat' dir='ltr'><strong>sui</strong></span> <span class='ocrx_word' id='word_1_458' title='bbox 898 3757 992 3807; x_wconf 83' lang='lat' dir='ltr'><strong>letetur</strong></span> <span class='ocrx_word' id='word_1_459' title='bbox 1007 3759 1172 3823; x_wconf 70' lang='lat' dir='ltr'><strong>amplexibus,</strong></span> <span class='ocrx_word' id='word_1_460' title='bbox 1188 3779 1302 3827; x_wconf 90' lang='lat' dir='ltr'><strong>onusque</strong></span> 
     </span>
     <span class='ocr_line' id='line_1_51' title="bbox 149 3819 1305 3889; baseline 0.007 -19"><span class='ocrx_word' id='word_1_461' title='bbox 149 3836 226 3870; x_wconf 86' lang='lat' dir='ltr'><strong>suum</strong></span> <span class='ocrx_word' id='word_1_462' title='bbox 237 3825 360 3884; x_wconf 83' lang='lat' dir='ltr'><strong>sequetur</strong></span> <span class='ocrx_word' id='word_1_463' title='bbox 375 3819 582 3879; x_wconf 90' lang='lat' dir='ltr'><strong>emolumentum,</strong></span> <span class='ocrx_word' id='word_1_464' title='bbox 593 3824 620 3868; x_wconf 88' lang='lat' dir='ltr'><strong>et</strong></span> <span class='ocrx_word' id='word_1_465' title='bbox 636 3836 695 3868; x_wconf 86' lang='lat' dir='ltr'><strong>cura</strong></span> <span class='ocrx_word' id='word_1_466' title='bbox 706 3836 752 3868; x_wconf 89' lang='lat' dir='ltr'><strong>suo</strong></span> <span class='ocrx_word' id='word_1_467' title='bbox 768 3821 876 3870; x_wconf 78' lang='lat' dir='ltr'><strong>resideat</strong></span> <span class='ocrx_word' id='word_1_468' title='bbox 891 3822 919 3871; x_wconf 88' lang='lat' dir='ltr'><strong>in</strong></span> <span class='ocrx_word' id='word_1_469' title='bbox 937 3828 1044 3885; x_wconf 76' lang='lat' dir='ltr'><strong>pastore,</strong></span> <span class='ocrx_word' id='word_1_470' title='bbox 1065 3828 1305 3889; x_wconf 84' lang='lat' dir='ltr'><strong>commendscionee‚</strong></span> 
     </span>
     <span class='ocr_line' id='line_1_52' title="bbox 149 3883 1304 3957; baseline 0.007 -22"><span class='ocrx_word' id='word_1_471' title='bbox 149 3886 277 3935; x_wconf 76' lang='lat' dir='ltr'><strong>cristodiss</strong></span> <span class='ocrx_word' id='word_1_472' title='bbox 295 3883 473 3934; x_wconf 85' lang='lat' dir='ltr'><strong>beneficiorum</strong></span> <span class='ocrx_word' id='word_1_473' title='bbox 492 3899 577 3932; x_wconf 86' lang='lat' dir='ltr'><strong>curam</strong></span> <span class='ocrx_word' id='word_1_474' title='bbox 593 3884 734 3934; x_wconf 66' lang='lat' dir='ltr'><strong>musarum</strong></span> <span class='ocrx_word' id='word_1_475' title='bbox 753 3886 909 3947; x_wconf 75' lang='lat' dir='ltr'><strong>habendum,</strong></span> <span class='ocrx_word' id='word_1_476' title='bbox 929 3887 1076 3952; x_wconf 81' lang='lat' dir='ltr'><strong>simpliciter</strong></span> <span class='ocrx_word' id='word_1_477' title='bbox 1092 3890 1132 3940; x_wconf 89' lang='lat' dir='ltr'><strong>vel</strong></span> <span class='ocrx_word' id='word_1_478' title='bbox 1148 3893 1180 3941; x_wconf 87' lang='lat' dir='ltr'><strong>ed</strong></span> <span class='ocrx_word' id='word_1_479' title='bbox 1194 3898 1304 3957; x_wconf 85' lang='lat' dir='ltr'><strong>tempus,</strong></span> 
     </span>
     <span class='ocr_line' id='line_1_53' title="bbox 150 3949 1305 4017; baseline 0.008 -18"><span class='ocrx_word' id='word_1_480' title='bbox 150 3951 353 4015; x_wconf 85' lang='lat' dir='ltr'><strong>quibuscumque</strong></span> <span class='ocrx_word' id='word_1_481' title='bbox 363 3949 483 4012; x_wconf 79' lang='lat' dir='ltr'><strong>pmsonis,</strong></span> <span class='ocrx_word' id='word_1_482' title='bbox 494 3964 653 4012; x_wconf 90' lang='lat' dir='ltr'><strong>quocumque</strong></span> <span class='ocrx_word' id='word_1_483' title='bbox 664 3950 739 3997; x_wconf 90' lang='lat' dir='ltr'><strong>modo</strong></span> <span class='ocrx_word' id='word_1_484' title='bbox 751 3956 833 4012; x_wconf 91' lang='lat' dir='ltr'><strong>preter</strong></span> <span class='ocrx_word' id='word_1_485' title='bbox 842 3952 1049 4012; x_wconf 82' lang='lat' dir='ltr'><strong>intitulscionem,</strong></span> <span class='ocrx_word' id='word_1_486' title='bbox 1063 3970 1108 4017; x_wconf 91' lang='lat' dir='ltr'><strong>per</strong></span> <span class='ocrx_word' id='word_1_487' title='bbox 1121 3954 1305 4017; x_wconf 85' lang='lat' dir='ltr'><strong>predecessores</strong></span> 
     </span>
     <span class='ocr_line' id='line_1_54' title="bbox 149 4014 1305 4079; baseline 0.006 -14"><span class='ocrx_word' id='word_1_488' title='bbox 149 4020 248 4065; x_wconf 71' lang='lat' dir='ltr'><strong>nosbcs</strong></span> <span class='ocrx_word' id='word_1_489' title='bbox 259 4016 411 4075; x_wconf 88' lang='lat' dir='ltr'><strong>commissas,</strong></span> <span class='ocrx_word' id='word_1_490' title='bbox 422 4014 449 4062; x_wconf 94' lang='lat' dir='ltr'><strong>in</strong></span> <span class='ocrx_word' id='word_1_491' title='bbox 460 4014 553 4077; x_wconf 89' lang='lat' dir='ltr'><strong>quibus</strong></span> <span class='ocrx_word' id='word_1_492' title='bbox 562 4014 671 4063; x_wconf 89' lang='lat' dir='ltr'><strong>dubium</strong></span> <span class='ocrx_word' id='word_1_493' title='bbox 682 4029 731 4062; x_wconf 90' lang='lat' dir='ltr'><strong>non</strong></span> <span class='ocrx_word' id='word_1_494' title='bbox 743 4020 782 4063; x_wconf 88' lang='lat' dir='ltr'><strong>est</strong></span> <span class='ocrx_word' id='word_1_495' title='bbox 797 4031 844 4078; x_wconf 89' lang='lat' dir='ltr'><strong>pro</strong></span> <span class='ocrx_word' id='word_1_496' title='bbox 855 4026 967 4079; x_wconf 86' lang='lat' dir='ltr'><strong>tempore</strong></span> <span class='ocrx_word' id='word_1_497' title='bbox 982 4034 1029 4067; x_wconf 92' lang='lat' dir='ltr'><strong>suo</strong></span> <span class='ocrx_word' id='word_1_498' title='bbox 1039 4025 1066 4067; x_wconf 91' lang='lat' dir='ltr'><strong>et</strong></span> <span class='ocrx_word' id='word_1_499' title='bbox 1076 4020 1209 4070; x_wconf 81' lang='lat' dir='ltr'><strong>voluntate</strong></span> <span class='ocrx_word' id='word_1_500' title='bbox 1219 4038 1305 4072; x_wconf 78' lang='lat' dir='ltr'><strong>unam</strong></span> 
     </span>
     <span class='ocr_line' id='line_1_55' title="bbox 150 4078 1305 4148; baseline 0.006 -18"><span class='ocrx_word' id='word_1_501' title='bbox 150 4080 199 4130; x_wconf 78' lang='lat' dir='ltr'><strong>arbi</strong></span> <span class='ocrx_word' id='word_1_502' title='bbox 209 4080 342 4130; x_wconf 84' lang='lat' dir='ltr'><strong>retinuisse</strong></span> <span class='ocrx_word' id='word_1_503' title='bbox 353 4079 493 4143; x_wconf 71' lang='lat' dir='ltr'><strong>specialem,</strong></span> <span class='ocrx_word' id='word_1_504' title='bbox 505 4094 536 4127; x_wconf 82' lang='lat' dir='ltr'><strong>ex</strong></span> <span class='ocrx_word' id='word_1_505' title='bbox 552 4094 627 4139; x_wconf 88' lang='lat' dir='ltr'><strong>nuuc,</strong></span> <span class='ocrx_word' id='word_1_506' title='bbox 644 4078 792 4128; x_wconf 69' lang='lat' dir='ltr'><strong>auctoritate</strong></span> <span class='ocrx_word' id='word_1_507' title='bbox 804 4081 971 4143; x_wconf 88' lang='lat' dir='ltr'><strong>Presencium,</strong></span> <span class='ocrx_word' id='word_1_508' title='bbox 983 4084 1098 4145; x_wconf 76' lang='lat' dir='ltr'><strong>quemvis</strong></span> <span class='ocrx_word' id='word_1_509' title='bbox 1114 4086 1175 4148; x_wconf 87' lang='lat' dir='ltr'><strong>ipsis</strong></span> <span class='ocrx_word' id='word_1_510' title='bbox 1185 4087 1305 4136; x_wconf 90' lang='lat' dir='ltr'><strong>deceden-</strong></span> 
     </span>
    </p>
   </div>
   <div class='ocr_carea' id='block_1_4' title="bbox 152 4221 1307 4483">
    <p class='ocr_par' dir='ltr' id='par_1_12' title="bbox 152 4221 1307 4483">
     <span class='ocr_line' id='line_1_56' title="bbox 185 4221 1307 4291; baseline 0.005 -18"><span class='ocrx_word' id='word_1_511' title='bbox 185 4221 193 4253; x_wconf 93' lang='lat'>¹</span> <span class='ocrx_word' id='word_1_512' title='bbox 206 4224 289 4273; x_wconf 88' lang='lat' dir='ltr'><strong>Olirer</strong></span> <span class='ocrx_word' id='word_1_513' title='bbox 297 4222 500 4272; x_wconf 81' lang='lat' dir='ltr'><strong>has-“assisted</strong></span> <span class='ocrx_word' id='word_1_514' title='bbox 507 4221 541 4283; x_wconf 71' lang='lat' dir='ltr'><strong>by</strong></span> <span class='ocrx_word' id='word_1_515' title='bbox 550 4221 594 4269; x_wconf 89' lang='lat' dir='ltr'><strong>the</strong></span> <span class='ocrx_word' id='word_1_516' title='bbox 602 4221 707 4285; x_wconf 89' lang='lat' dir='ltr'><strong>Bishops</strong></span> <span class='ocrx_word' id='word_1_517' title='bbox 787 4222 798 4251; x_wconf 89' lang='lat'><strong>¹</strong></span> <span class='ocrx_word' id='word_1_518' title='bbox 816 4224 980 4285; x_wconf 78' lang='lat' dir='ltr'><strong>[Nonasl-—A</strong></span> <span class='ocrx_word' id='word_1_519' title='bbox 988 4226 1085 4276; x_wconf 85' lang='lat' dir='ltr'><strong>clericnl</strong></span> <span class='ocrx_word' id='word_1_520' title='bbox 1092 4243 1166 4289; x_wconf 89' lang='lat' dir='ltr'><strong>error,</strong></span> <span class='ocrx_word' id='word_1_521' title='bbox 1176 4245 1209 4277; x_wconf 92' lang='lat' dir='ltr'><strong>no</strong></span> <span class='ocrx_word' id='word_1_522' title='bbox 1217 4231 1307 4291; x_wconf 89' lang='lat' dir='ltr'><strong>doubt,</strong></span> 
     </span>
     <span class='ocr_line' id='line_1_57' title="bbox 152 4285 914 4348; baseline 0.001 -11"><span class='ocrx_word' id='word_1_523' title='bbox 152 4290 179 4339; x_wconf 83' lang='lat' dir='ltr'><strong>oi</strong></span> <span class='ocrx_word' id='word_1_524' title='bbox 188 4290 223 4338; x_wconf 76' lang='lat' dir='ltr'><strong>St</strong></span> <span class='ocrx_word' id='word_1_525' title='bbox 238 4289 341 4337; x_wconf 78' lang='lat' dir='ltr'><strong>Docid&#39;s</strong></span> <span class='ocrx_word' id='word_1_526' title='bbox 351 4289 403 4337; x_wconf 84' lang='lat' dir='ltr'><strong>aud</strong></span> <span class='ocrx_word' id='word_1_527' title='bbox 415 4285 547 4348; x_wconf 81' lang='lat' dir='ltr'><strong>Salisbury</strong></span> <span class='ocrx_word' id='word_1_528' title='bbox 558 4287 572 4306; x_wconf 81' lang='lat'><strong>&#39;⁸</strong></span> <span class='ocrx_word' id='word_1_529' title='bbox 589 4286 669 4348; x_wconf 71' lang='lat' dir='ltr'><strong>(Licet</strong></span> <span class='ocrx_word' id='word_1_530' title='bbox 679 4286 710 4348; x_wconf 83' lang='lat' dir='ltr'><strong>os</strong></span> <span class='ocrx_word' id='word_1_531' title='bbox 756 4288 795 4337; x_wconf 89' lang='lat' dir='ltr'><strong>ior</strong></span> <span class='ocrx_word' id='word_1_532' title='bbox 806 4290 821 4312; x_wconf 90' lang='lat'>“</span> <span class='ocrx_word' id='word_1_533' title='bbox 829 4290 914 4338; x_wconf 83' lang='lat' dir='ltr'><strong>idus&#39;’</strong></span> 
     </span>
     <span class='ocr_line' id='line_1_58' title="bbox 152 4350 1110 4424; baseline 0.003 -21"><span class='ocrx_word' id='word_1_534' title='bbox 152 4354 190 4403; x_wconf 79' lang='lat' dir='ltr'><strong>tle</strong></span> <span class='ocrx_word' id='word_1_535' title='bbox 209 4354 312 4418; x_wconf 77' lang='lat' dir='ltr'><strong>Bistops</strong></span> <span class='ocrx_word' id='word_1_536' title='bbox 328 4353 360 4415; x_wconf 86' lang='lat' dir='ltr'><strong>os</strong></span> <span class='ocrx_word' id='word_1_537' title='bbox 374 4353 471 4411; x_wconf 69' lang='lat' dir='ltr'><strong>Foster,</strong></span> <span class='ocrx_word' id='word_1_538' title='bbox 488 4366 511 4413; x_wconf 90' lang='lat' dir='ltr'><strong>p.</strong></span> <span class='ocrx_word' id='word_1_539' title='bbox 533 4350 587 4411; x_wconf 79' lang='lat'>40):</span> <span class='ocrx_word' id='word_1_540' title='bbox 619 4350 668 4401; x_wconf 90' lang='lat' dir='ltr'><strong>but</strong></span> <span class='ocrx_word' id='word_1_541' title='bbox 682 4350 709 4400; x_wconf 89' lang='lat' dir='ltr'><strong>in</strong></span> <span class='ocrx_word' id='word_1_542' title='bbox 790 4351 933 4404; x_wconf 82' lang='lat' dir='ltr'><strong>⁸Wi11iam</strong></span> <span class='ocrx_word' id='word_1_543' title='bbox 943 4356 976 4403; x_wconf 91' lang='lat' dir='ltr'><strong>de</strong></span> <span class='ocrx_word' id='word_1_544' title='bbox 986 4355 1110 4424; x_wconf 79' lang='lat' dir='ltr'><strong>Stanwey.</strong></span> 
     </span>
     <span class='ocr_line' id='line_1_59' title="bbox 153 4415 560 4483; baseline -0.012 -14"><span class='ocrx_word' id='word_1_545' title='bbox 153 4415 560 4483; x_wconf 80' lang='lat' dir='ltr'><strong>errcr;thellS.isquiteelesr.</strong></span> 
     </span>
    </p>
   </div>
   <div class='ocr_carea' id='block_1_5' title="bbox 0 0 1638 5100">
    <p class='ocr_par' dir='ltr' id='par_1_13' title="bbox 0 0 1638 5100">
     <span class='ocr_line' id='line_1_60' title="bbox 0 0 1638 5100; baseline 0 0"><span class='ocrx_word' id='word_1_546' title='bbox 0 0 1638 5100; x_wconf 95' lang='lat' dir='ltr'><strong> </strong></span> 
     </span>
    </p>
   </div>
  </div>
 </body>
</html>
