3242 5100
265 531 310 603 76

504 552 644 604 BISHOP
661 530 970 604 Bitonrsconssn's
988 551 1183 605 unelsrnn.

362 748 406 794 pro
417 749 444 780 se
452 737 478 781 et
489 732 590 781 nomine
604 732 799 782 communitatis
811 733 949 781 concilium
958 747 1069 790 suorum,
1081 747 1163 780 coram
1174 729 1283 779 Domino
1292 729 1421 791 Episcopo,

362 797 490 846 humiliter
502 803 615 860 petentes
627 798 832 859 indignacionem,
845 813 921 859 quam
933 805 1019 845 contra
1039 797 1162 859 pre-diebvs
1180 795 1251 842 (ires
1264 811 1307 856 prro
1319 793 1422 841 diversis

362 862 462 924 flagiciis
480 867 506 910 ct
523 862 625 910 robertis
640 863 694 921 sibi,
708 863 814 921 Derane,
835 868 861 910 et
878 863 994 910 omuibus
1012 861 1142 909 Canonicis
1164 861 1216 907 suis
1242 859 1422 907 Exonicusibus

362 927 496 989 aliquando
508 928 583 975 illatis
595 933 746 989 conceperat,
766 927 878 985 relaxari,
898 934 924 974 et
942 927 1010 989 (prod
1031 926 1167 974 Canonion
1186 942 1248 986 qum
1264 925 1295 971 ab
1314 923 1423 971 Ecclesia

363 991 496 1040 Exoniensi
509 991 593 1039 abesse
610 997 752 1053 preceperat.
769 1007 882 1038 revocare
893 992 1045 1052 dignaretur.
1081 991 1187 1038 Proinde
1198 990 1265 1037 idem
1279 989 1423 1050 Episcopus,

361 1060 461 1119 recepto
471 1057 503 1104 ob
515 1057 550 1104 eis
561 1057 703 1118 juramento
715 1057 783 1117 quod
795 1056 855 1104 talia
866 1057 897 1104 de
911 1062 993 1103 cetero
1011 1072 1059 1103 uon
1072 1055 1233 1103 committent
1244 1069 1289 1101 nee
1300 1053 1424 1100 carminitti

362 1122 393 1168 de
418 1127 499 1168 cetero
527 1122 682 1183 permittent,
703 1127 729 1168 et
747 1121 767 1168 si
787 1121 871 1168 forsan
890 1121 1021 1168 commisse
1048 1121 1145 1168 inerint
1163 1125 1225 1166 tunc
1245 1118 1423 1173 malefactores,

362 1187 500 1234 secundum
515 1187 605 1246 Legem
616 1186 691 1233 Terre
703 1195 729 1233 et
746 1185 851 1246 rigorem
868 1185 884 1233 J
887 1185 938 1233 uris
950 1190 1138 1247 persequentur,
1147 1189 1174 1231 et
1185 1185 1253 1246 quod
1265 1183 1337 1230 anriei
1349 1187 1424 1228 errant

362 1251 394 1297 de
406 1257 486 1298 cetero
499 1251 606 1298 Domino
618 1250 746 1312 Episcopo,
766 1249 881 1309 Ecclesie,
898 1250 1005 1307 Derane,
1023 1256 1049 1296 et
1062 1249 1190 1296 Crinrrnicis
1203 1248 1305 1306 Exonie,
1325 1252 1351 1293 et
1370 1247 1425 1294 aliis

363 1315 471 1372 Clericis,
484 1320 510 1362 et
521 1316 656 1362 eorundem
667 1315 767 1362 familiis
781 1331 785 1371 ;
803 1315 865 1362 item
877 1317 945 1376 quod
963 1315 1134 1376 procumbunt
1146 1313 1251 1360 fideliter
1263 1312 1331 1372 quoi
1344 1311 1424 1372 Major

362 1385 389 1428 et
401 1380 511 1428 concives
524 1380 549 1427 in
561 1380 686 1442 presencia
699 1380 790 1427 Decani
802 1383 828 1426 et
841 1380 1020 1427 Canoniorrnm
1034 1379 1128 1426 Exonie
1139 1377 1265 1424 consimile
1278 1376 1426 1438 preste-bunt

361 1445 542 1506 junementum,
555 1445 676 1536 preirptnn
689 1443 887 1506 indignacionem
899 1444 1002 1504 remisit,
1014 1450 1040 1492 et
1063 1458 1104 1490 eos
1121 1444 1153 1490 ad
1174 1442 1281 1504 graciam
1300 1440 1426 1488 revomuit

363 1547 368 1557 .
403 1545 408 1558 .
443 1547 448 1558 .
485 1547 489 1558 .
525 1547 530 1557 .
564 1545 570 1557 .
605 1546 610 1557 .
652 1511 689 1557 51.

268 1641 337 1705 The
353 1640 482 1725 Mayor²
491 1640 556 1705 and
569 1639 713 1704 Citizens
725 1644 857 1724 present
869 1645 903 1704 to
916 1639 962 1704 St.
974 1638 1153 1703 Edmund’s
1165 1659 1207 1703 on
1220 1638 1276 1703 thc
1288 1637 1408 1722 Bridgc
1421 1661 1428 1714 ;

354 1728 418 1792 3:3¹³.

267 1830 389 1895 Exeter
405 1829 633 1906 Cathedral,—-

353 1933 498 1998 Stotutee
510 1931 745 2017 prorumperet
760 1932 800 2016 by
816 1933 866 1997 ue
881 1933 1006 2018 Risbop
1022 1934 1143 2016 [moa]

333 2071 407 2120 Anno
429 2071 524 2130 cedern,
545 2085 629 2118 mense
652 2068 719 2128 Maii,
747 2070 808 2118 iecit
837 2071 960 2118 Dominus
984 2071 1122 2133 Episcopus
1144 2071 1252 2132 quedam
1276 2073 1380 2119 Statuta
1401 2071 1426 2117 in

367 2135 475 2184 ltcelesiu
488 2134 628 2194 Exoniensi,
640 2135 735 2196 signata
745 2135 826 2196 sigillo
843 2151 895 2194 suo,
908 2140 934 2182 et
950 2135 1042 2182 Decani
1055 2137 1191 2195 Wellensis,
1208 2141 1234 2184 ct
1255 2135 1428 2184 Archidiacoui

367 2199 528 2254 Exoniensis;
550 2205 576 2246 et
593 2216 621 2248 es
641 2201 750 2261 precepit
770 2200 876 2247 tirmiter
896 2200 975 2247 teucri
995 2200 1142 2248 incudem:
1160 2217 1209 2262 que
1220 2201 1429 2260 sicincipiunt-

367 2265 433 2313 Licet
446 2264 472 2313 iu
483 2264 593 2326 operibus
605 2265 701 2312 Nature
713 2271 733 2312 ct
747 2265 863 2313 lloowoc
875 2263 1028 2313 Gourliciouis
1041 2268 1199 2324 institucione,
1211 2272 1251 2314 cte
1269 2281 1275 2324 3
1292 2262 1345 2313 ὅθ’).

356 2386 542 2452 Ordiuaoio
554 2385 645 2451 iuter
660 2385 835 2451 Domuum
860 2393 887 2450 et
903 2383 1195 2451 Arcliidieeouum
1209 2387 1395 2465 Ericinio,-

334 2525 408 2573 Auno
429 2523 530 2573 Domini
552 2523 599 2575 ΜΟ.
630 2523 691 2574 00⁰.
722 2524 917 2587 Scptnagesinro‚
948 2523 1016 2586 apud
1044 2523 1108 2574 Clist
1131 2524 1253 2588 Episcopi,
1276 2525 1318 2573 die
1345 2525 1429 2575 Srmcti

367 2590 491 2637 Francisci
503 2586 530 2652 [4
543 2590 617 2651 Oct],
629 2591 706 2638 exivit
727 2591 808 2638 Litera
829 2590 876 2637 sub
893 2590 939 2637 hac
959 2590 1039 2638 iorma
1051 2590 1218 2639 :-Univcrsis
1230 2592 1350 2638 etc-Ad
1369 2592 1429 2639 Uni·

367 2653 492 2702 versitatis
523 2661 604 2703 vestre
632 2655 749 2703 noticiam
773 2662 860 2702 tenore
884 2656 1043 2703 Presencium
1066 2656 1182 2704 volumus
1205 2656 1332 2717 pervenire
1361 2656 1429 2717 quod

367 2719 464 2767 dilectis
476 2719 533 2767 liliis
547 2718 654 2781 lllogero
675 2721 706 2767 de
727 2718 835 2779 Thurini,
848 2718 955 2777 Deculo,
967 2725 994 2767 et
1006 2720 1122 2783 Cnpitulo
1141 2720 1244 2778 Exonic,
1264 2726 1291 2768 et
1310 2721 1429 2783 Magistro

368 2784 483 2833 iohanne
494 2784 562 2832 dicto
582 2783 672 2843 Nobili,
686 2784 864 2833 Arelridiucono
877 2784 1018 2843 montensi,
1035 2800 1111 2846 super
1127 2784 1302 2847 jurisdioeione
1321 2800 1430 2846 querun-

367 2850 425 2896 darn
438 2848 595 2911 (lapellnrum
617 2849 732 2897 Civibrtis
759 2854 783 2896 et
804 2849 924 2896 Suburbii
943 2850 1045 2907 Exonie,
1057 2865 1154 2898 necnon
1174 2855 1201 2897 ct
1218 2850 1384 2897 Ecclesiarum
1404 2855 1430 2897 et

368 2913 535 2961 Maneriorum
554 2913 619 2962 inira
641 2914 765 2961 ambitum
788 2914 1011 2961 Archidiucouatus
1039 2915 1145 2977 predicti
1166 2914 1260 2962 eisdem
1283 2916 1382 2962 Decano
1404 2920 1431 2962 et

370 2978 486 3040 Capitulo
509 2978 731 3040 appropriatmum,
752 2980 783 3026 de
814 2978 906 3039 quibus
928 2979 994 3026 inter
1017 2980 1116 3026 eisdem
1138 2979 1305 3027 contmversic
1327 2980 1431 3026 materia

369 3043 474 3091 srrboriri
494 3043 632 3095 videbatur.
641 3044 667 3091 iu
687 3060 731 3091 uos
748 3044 798 3091 alte
818 3050 845 3090 et
861 3044 932 3090 basse
949 3044 1212 3104 compromittentibus
1228 3049 1254 3091 et
1272 3044 1429 3091 Ordinucicui

369 3114 453 3155 nostre
473 3124 499 3154 se
517 3113 606 3169 sprmte
621 3108 849 3166 submittentibns;
875 3109 934 3166 Nos,
952 3108 1026 3155 dictis
1045 3109 1162 3156 Partibus
1174 3108 1249 3155 tercio
1263 3109 1348 3155 Nonas
1370 3112 1429 3170 Sep·

368 3171 473 3221 tembris
495 3170 521 3233 [3
541 3173 628 3233 Septl,
651 3174 725 3220 Anno
746 3174 833 3219 (trucie
856 3172 988 3220 Millesimo
1012 3171 1065 3221 (ΞΟΟ
1087 3172 1277 3234 septuagesimo,
1300 3173 1430 3221 vocacione

367 3237 479 3299 legitima
502 3238 656 3299 precedente,
674 3237 700 3284 in
719 3238 835 3298 (bipitnle
856 3238 950 3284 Exouie
969 3253 1050 3285 coram
1071 3238 1142 3285 nobis
1160 3238 1367 3299 comparentibus,
1389 3252 1431 3285 ex·

370 3317 454 3364 presso
480 3300 591 3363 ipsarum
619 3301 733 3349 Partiurn
761 3318 863 3349 assensu
891 3303 1030 3362 accedente,
1067 3302 1211 3349 arbitrando
1239 3307 1265 3349 et
1287 3302 1432 3351 diffiniendo

369 3366 513 3414 ordinamus
539 3371 566 3414 et
593 3367 730 3414 ordinando
758 3367 895 3414 statuimus
923 3368 948 3413 iu
977 3368 1045 3415 bunc
1066 3367 1190 3415 modurn:
1215 3367 1338 3428 videlicet,
1363 3369 1432 3430 quod

368 3431 484 3479 Deconus
492 3430 587 3479 Exonic
597 3431 641 3493 qui
653 3448 697 3493 pro
709 3432 905 3493 temporeiuerit
913 3432 1111 3493 jnrisdiecionem
1123 3432 1303 3480 Canonicorum
1311 3432 1432 3493 omnium,
1478 3452 1482 3460 ·

370 3496 523 3544 clericorum
536 3496 618 3555 Obori,
628 3501 679 3543 tam
689 3495 844 3543 Viemiorum
854 3512 930 3557 epirum
942 3496 1047 3545 eliorum
1059 3496 1174 3545 similiter
1186 3502 1213 3545 et
1221 3497 1314 3545 familie
1326 3497 1433 3545 Canoni-

368 3575 462 3621 corum,
474 3576 502 3609 ac
514 3561 591 3609 eciam
604 3560 712 3609 Ecclesie
723 3561 754 3609 de
767 3561 901 3620 Heredtre,
911 3561 1057 3609 etonsnium
1068 3562 1173 3609 aliarum
1185 3562 1350 3610 Eccleeiorum
1362 3567 1433 3610 extra

370 3624 504 3673 Civitatem
538 3630 564 3673 et
589 3626 745 3674 Suburbium
778 3626 936 3674 antulietum
964 3626 1031 3674 inira
1061 3626 1123 3675 lines
1155 3627 1319 3690 Episcopatus
1352 3626 1432 3675 nostri

368 3690 541 3749 existencinm,
553 3690 612 3752 ipsis
620 3690 719 3738 Decano
727 3696 752 3738 et
760 3690 877 3751 Cupitulo
888 3691 1109 3753 appropriatamm,
1120 3707 1215 3740 necnon
1227 3697 1253 3739 et
1265 3692 1432 3741 Msneriorum

369 3756 513 3815 eorundem,
523 3756 549 3803 in
556 3755 769 3817 quibusEoclesiis
781 3761 807 3803 et
817 3756 933 3803 Muneriis
942 3755 1143 3818 jurisdiocionem
1148 3758 1305 3818 presentibus
1313 3756 1431 3819 tempori·

368 3820 575 3880 bushabuerunt,
585 3819 675 3867 liabent
686 3826 712 3868 et
724 3825 851 3868 excerceat
860 3822 1046 3883 imperpetuum
1058 3825 1148 3884 utpote
1163 3820 1302 3869 Decanatui
1314 3838 1358 3884 per
1369 3822 1432 3870 hone

369 3890 480 3933 nostram
489 3884 678 3933 Ordinationem
688 3900 810 3932 annexam
820 3889 847 3932 et
858 3886 964 3943 unitam,
978 3886 1052 3933 salvis
1060 3885 1116 3947 jure
1127 3891 1154 3934 et
1161 3886 1284 3949 dignitate
1294 3885 1432 3948 Episcopali

369 3949 395 3997 in
405 3949 527 3997 omnibus.
544 3949 702 4009 Ordinamus,
712 3950 820 4012 insuper,
831 3950 899 4011 quod
907 3950 1103 3998 Archidieoonus
1111 3952 1207 3999 Eronie
1216 3951 1260 4013 qui
1269 3966 1313 4013 pro
1321 3956 1432 4012 tempore

369 4014 448 4062 fuerit
479 4014 679 4075 jurisdiccionenr
702 4015 782 4063 tocius
815 4014 931 4062 Civitatis
960 4015 1066 4074 Exonie,
1088 4016 1183 4064 scilicet
1204 4020 1257 4063 tem
1281 4015 1433 4063 clericorum

370 4094 447 4141 quem
468 4079 588 4127 laicorum
600 4079 626 4127 in
646 4080 755 4127 Civitate
774 4084 800 4127 et
818 4079 945 4128 Suburbio
964 4081 1176 4128 commomncinm
1193 4096 1237 4128 seu
1257 4080 1430 4137 eristencium,

371 4148 434 4207 pute
452 4143 663 4206 'parochianorum
684 4144 843 4207 Capelianum
861 4145 952 4193 Sancto
975 4144 1093 4205 Setivole,
1111 4145 1197 4194 Sancti
1215 4144 1325 4202 Doridis,
1343 4146 1433 4193 Sancte

277 4337 284 4371 ¹
298 4339 377 4387 There
388 4354 429 4387 sre
438 4344 488 4386 tue
499 4354 528 4386 or
539 4338 609 4387 three
621 4338 701 4389 words
713 4355 789 4395 more,
801 4340 850 4388 but
862 4340 923 4404 tbey
935 4356 977 4389 cre
988 4341 1060 4403 quite
1070 4340 1184 4405 illegible.

278 4401 289 4434 ²
301 4404 396 4453 Walter
406 4404 438 4452 de
450 4403 568 4452 Olenon.
