3242 5100
279 501 352 571 484
756 515 958 571 srrmnrx.

345 672 400 736 Ego
422 671 530 735 Sygorio,
552 671 748 722 Dorobernensis
773 671 884 722 Ecclesie
904 671 1119 737 Arobiepisoopus,
1142 673 1234 738 prelati
1256 673 1332 738 Regis
1359 673 1440 724 bens·

381 737 490 786 velencio
501 738 568 786 letus
578 737 693 787 concessi.

348 803 403 865 Ego
432 801 560 864 Alpheuh¹
582 803 677 864 Prssul,
700 802 818 852 canonice
846 801 1031 866 subscripsione
1061 817 1138 852 menn
1166 803 1266 866 propria
1291 803 1386 868 hylaris
1408 811 1439 854 et

380 866 540 930 triumphans
557 867 699 931 subscripsi.

348 933 402 994 Ego
424 929 552 993 Aeldred‚⁸
575 933 658 981 Plebis
677 932 726 982 Dei
744 932 873 994 Remulus,
892 931 999 996 jubente
1021 932 1095 996 Rege,
1114 932 1216 996 signum
1235 933 1327 984 Senots
1350 935 1442 984 Crucis

382 997 504 1060 plaudens
520 997 635 1061 impressi
653 996 707 1061 [isti
726 995 894 1059 Donscioni].⁸

349 1062 403 1125 Ego
425 1061 548 1125 Aliyold,⁴
568 1062 691 1124 Pontifex,
710 1064 781 1128 Agge
804 1063 892 1112 Crucis
909 1059 1071 1112 testitudine⁶
1093 1061 1241 1125 intrepidus,
1264 1062 1312 1113 hoc
1335 1064 1441 1114 Donum

382 1127 534 1189 lepidissime
550 1127 714 1176 corroboravi.

348 1192 402 1256 Ego
420 1192 557 1306 Orelliggrbt,
575 1192 648 1253 Iegis
664 1193 712 1242 Dei
729 1192 888 1256 Getnsoopus,
903 1192 951 1241 boc
968 1191 1103 1256 Eulogium
1119 1191 1219 1256 propris
1237 1192 1314 1258 ohgrs
1330 1194 1441 1244 devotus

382 1272 456 1306 conso
509 1273 539 1306 vr.

350 1321 404 1384 Ego
415 1318 537 1382 Aeliruc‚⁸
549 1322 686 1385 Episcopus
697 1322 816 1386 Wyltane
833 1321 958 1382 civium,
970 1321 1084 1371 consensi
1096 1325 1123 1370 et
1133 1321 1275 1386 subscripsi

351 1387 403 1450 Ego
419 1383 517 1450 lolii-ie,
529 1387 667 1450 Episcopus
682 1387 883 1436 Soireburnensis
896 1386 1011 1446 Emissis,
1024 1386 1137 1436 consensi
1148 1391 1174 1436 et
1185 1387 1328 1452 subscripsi

285 1486 340 1548 Ego
351 1483 496 1549 Aepolperd
508 1486 575 1535 Dux.
691 1486 745 1549 Ego
756 1486 871 1547 Aell’erd,
884 1485 974 1534 Abbes
1086 1487 1139 1549 Ego
1151 1483 1244 1546 ΟειιΙῙ,Ι
1255 1486 1377 1536 minister.

285 1552 339 1613 Ego
350 1550 451 1612 delirio,
463 1551 529 1600 Dux
688 1551 742 1613 Ego
753 1551 860 1610 Aean'c,
872 1551 964 1599 Abbss.
1086 1551 1139 1614 Ego
1151 1551 1298 1614 Heortpcld,
1310 1551 1435 1602 minister.

286 1617 340 1679 Ego
351 1617 455 1677 Iaeoiric,
467 1616 536 1665 Dux.
691 1617 745 1678 Ego
756 1615 896 1680 Byrtbelm,
908 1615 999 1664 Abbse
1090 1615 1142 1678 Ego
1154 1615 1178 1662 Δ
1209 1616 1286 1678 lman,
1298 1616 1419 1666 minister.

286 1683 341 1745 Ego
352 1681 467 1742 Leopine,
479 1681 547 1730 Dux
689 1681 743 1743 Ego
754 1680 899 1741 Aspelmsm
912 1679 1032 1730 minister.
1091 1681 1145 1744 Ego
1215 1682 1243 1742 'c,
1255 1682 1379 1730 minister.

286 1749 340 1811 Ego
352 1747 455 1806 Iasonio,
467 1745 560 1796 Abbes.
688 1746 741 1809 Ego
753 1743 881 1808 Ordulpi‚⁷
892 1745 1013 1794 minister.
1047 1762 1050 1769 ·
1091 1747 1144 1809 Ego
1155 1746 1257 1810 Aipine,
1268 1745 1390 1795 minister.

1093 1811 1146 1874 Ego
1159 1811 1284 1873 bsofl’ine,
1297 1811 1421 1860 minister.

285 1957 467 2010 Ii-caurn
489 1955 657 2006 AELDRIDI
680 1956 782 2007 REGIS
804 1956 852 2006 DE
875 1955 1092 2007 nrlscorsru
1118 1957 1244 2008 sineri
1270 1955 1444 2007 GERMANI.

351 2039 423 2104 [This
433 2039 491 2088 title
501 2039 523 2086 is
533 2038 568 2101 by
579 2053 594 2086 a
604 2044 689 2087 recent
699 2037 856 2087 bend-We
867 2037 938 2095 bave,
951 2038 1019 2098 here,
1031 2038 1092 2102 only
1108 2039 1259 2102 aduplioate
1274 2054 1337 2102 copy
1348 2037 1376 2087 oi
1392 2039 1444 2088 No.

386 2106 408 2154 1.
421 2121 428 2164 ;
445 2104 494 2152 but
504 2103 548 2152 tbs
559 2102 615 2151 first
625 2104 694 2152 word
705 2103 727 2151 is
744 2104 758 2127 ‘⁸
768 2103 883 2165 Rector,”
901 2102 953 2152 end
969 2103 1014 2152 the
1029 2103 1098 2152 word
1116 2103 1131 2128 ‘¹
1140 2105 1258 2167 pontium
1265 2101 1281 2126 ”
1298 2119 1402 2168 appeers
1414 2119 1445 2152 ss

384 2169 493 2234 “pontis
502 2165 517 2190 '’
538 2167 582 2229 (see
593 2183 617 2230 p.
631 2169 686 2230 488,
697 2173 757 2217 note
769 2168 801 2229 6).

682 2307 878 2358 Iis-ossus
905 2304 1048 2356 ONU'l'ffl

323 2440 330 2453 ,
354 2393 446 2442 Rector-
456 2390 502 2439 ulti
512 2390 627 2449 polomm
638 2389 748 2440 erimine
759 2393 837 2452 atque
855 2385 1019 2437 Architector
1038 2402 1137 2437 summe
1155 2388 1249 2438 fabrice
1266 2388 1366 2438 etheree
1385 2390 1446 2440 aule

117 2459 133 2484 Χ
156 2517 170 2542 a
386 2471 416 2505 ex
434 2455 526 2504 nichilo
545 2460 636 2503 cuncta
654 2454 765 2514 creevit3
786 2461 808 2502 et
828 2459 912 2510 cetera,
934 2459 962 2502 ut
983 2467 1066 2515 supra.
1110 2453 1186 2503 Unde
1203 2469 1256 2517 ego,
1277 2453 1370 2515 Cnuth,
1390 2455 1447 2504 Rex

387 2521 526 2584 Anglorum
536 2524 727 2583 ceterarumque
737 2518 855 2582 gencium
867 2517 1056 2581 persistendum
1068 2518 1211 2579 incircuitu,
1224 2519 1345 2583 patefacio
1365 2521 1446 2569 omni-

387 2588 434 2635 bus
450 2587 516 2634 banc
534 2584 664 2633 Cartulsm
685 2584 827 2647 legentibus
846 2590 873 2632 et
892 2584 1094 2632 auscultantibus
1106 2585 1175 2647 quod
1194 2584 1364 2648 Debelperdus
1383 2585 1447 2634 Dux

387 2652 508 2700 revelavit
518 2651 603 2709 michi,
615 2651 682 2712 quod
695 2650 745 2698 mei
755 2649 880 2712 Prepositi
891 2648 919 2696 in
932 2649 1036 2697 Deffone
1048 2650 1178 2698 Provincia
1188 2650 1342 2713 inponebant
1352 2650 1446 2713 jugum

388 2716 518 2765 servitutis
528 2714 622 2778 prediis
633 2716 725 2763 Sancte
738 2713 846 2763 Ecclesia
858 2712 906 2763 Dei
918 2718 944 2762 et
956 2713 1020 2775 Ejus
1032 2714 1172 2763 Genetricis
1184 2715 1261 2763 biario
1274 2716 1447 2779 Omniumque

389 2782 600 2843 sanctorumque
611 2784 651 2828 est
662 2780 689 2828 in
708 2780 882 2837 Exenchestre,
904 2778 989 2826 diruto
1009 2778 1159 2827 Mancsterio
1180 2778 1233 2841 (ricl
1252 2795 1267 2828 s
1286 2780 1399 2842 Paganis,
1422 2788 1450 2829 et

389 2847 505 2896 crematis
525 2845 665 2907 Privilegiis
686 2860 736 2907 que
755 2843 855 2906 antiqui
875 2840 958 2905 Reges
977 2848 1149 2892 concesserant
1166 2844 1309 2907 suprodicto
1328 2845 1446 2894 Cenobio.

390 2911 560 2971 Quamobrem
583 2924 628 2972 ego
650 2907 745 2967 Cnuth,
769 2908 823 2957 Deo
846 2908 946 2956 invente
969 2908 1050 2956 tocius
1072 2908 1187 2958 Albionis
1210 2910 1378 2967 Primioerius,
1400 2925 1448 2973 pro

388 2976 511 3040 peticione
538 2974 677 3037 supradicti
704 2974 782 3022 Ducis
815 2977 842 3021 et
871 2988 916 3035 pro
944 2973 1053 3022 remedio
1081 2974 1164 3022 anime
1192 2990 1253 3031 moe,
1282 2988 1448 3036 mearumque

390 3042 520 3104 culparum
543 3039 728 3098 emendacione,
751 3044 829 3100 atque
849 3037 1023 3086 incolumitate
1045 3038 1095 3087 mei
1117 3038 1204 3101 Regni,
1227 3038 1293 3088 bano
1315 3039 1446 3088 Gaetulum

389 3106 497 3155 concedo
514 3104 652 3167 Alrelpoldo
664 3103 765 3164 Abbcti,
784 3102 890 3165 ejusque
907 3102 1045 3164 Fratribus,
1065 3109 1091 3151 st
1110 3118 1213 3152 suorum
1228 3103 1411 3152 successoribus
1421 3105 1449 3153 in

391 3170 534 3233 suprsdicto
546 3168 696 3217 Monesterio
707 3167 927 3227 commorantibus,
938 3168 972 3216 ad
983 3172 1129 3231 perpetuam
1138 3168 1288 3229 libertatem,
1296 3172 1328 3217 ut
1338 3168 1448 3217 liberum

392 3239 536 3299 permaneat
547 3233 630 3295 ipsum
642 3233 823 3281 Monasterium
835 3247 893 3280 eum
904 3232 1021 3281 omnibus
1032 3233 1125 3295 prediis
1144 3233 1181 3281 illi
1196 3234 1325 3293 concessis,
1342 3238 1370 3281 et
1386 3248 1448 3282 cum

391 3300 508 3349 omnibns
525 3299 643 3347 rebusad
660 3314 718 3347 eum
735 3298 783 3347 rite
800 3297 1001 3360 pertinentium
1019 3298 1046 3346 id
1063 3303 1108 3359 est,
1128 3298 1230 3360 eampis,
1241 3298 1327 3362 pratis,
1339 3299 1449 3361 paeonis,

391 3366 467 3424 silvis,
484 3364 667 3424 senecionibus‚
687 3363 805 3426 piscariis,
825 3362 857 3410 ab
876 3362 945 3410 omni
962 3361 1049 3425 Regali
1067 3367 1144 3426 atque
1164 3362 1285 3411 Peculisri
1304 3363 1450 3425 gravedine,

392 3430 487 3492 mejero
498 3434 574 3491 etque
586 3428 689 3489 minora,
701 3426 811 3490 exceptis
823 3426 929 3475 assiduis
940 3427 1102 3487 oracionibus,
1114 3427 1163 3475 nisi
1182 3428 1234 3476 sola
1250 3428 1410 3491 expedictione
1422 3433 1451 3477 et

391 3491 1452 3621 iiiicwi'iiiiirwiiiiiiiiiii-“diffidit“iiimsiiqiinffi

641 3594 648 3618 ι
925 3592 930 3604 ·
1210 3596 1216 3619 ι

295 3800 304 3833 ¹
321 3801 543 3865 Alpeucb.-'l'bis‚
552 3801 602 3850 and
611 3799 655 3848 the
667 3799 739 3848 other
745 3798 845 3847 various
927 3799 997 3848 ium:
1015 3798 1114 3861 inludo,
1133 3800 1198 3849 souti
1211 3814 1291 3863 genus
1309 3798 1452 3862 oblongum

326 3868 450 3931 readings,
466 3866 624 3928 throughout
639 3865 711 3913 these
728 3864 845 3913 Chsrters
929 3864 1067 3926 (D'Arm's).

327 3948 369 3981 are
386 3933 451 3981 irem
468 3931 512 3979 the
529 3929 640 3993 Originsl
657 3929 741 3979 Doeds
757 3930 784 3977 in
800 3929 845 3978 tbe
896 3925 1029 3992 ‘Aelpric

328 3996 543 4060 chapter-House.
896 3991 908 4026 ⁷
923 3994 1023 4044 Orduli.

294 4060 436 4111 ’Eeldred
897 4055 1019 4108 ⁸lustin
1031 4058 1140 4108 orderin
1151 4058 1197 4107 the
1208 4058 1323 4122 Originsl.

221 4184 227 4192 Ι
296 4126 414 4176 'Added
440 4125 467 4175 in
493 4124 539 4175 the
571 4124 669 4187 margin
697 4124 731 4188 by
753 4122 847 4186 Bishop
897 4119 1035 4173 ⁹Written
1048 4140 1081 4173 on
1101 4124 1146 4173 ibe
1164 4124 1268 4186 msrgin,
1279 4124 1315 4188 by
1330 4139 1345 4172 a
1361 4128 1454 4174 recent

328 4192 489 4241 Grandisson.
930 4188 1006 4239 bend.
1042 4189 1101 4239 And
1114 4189 1223 4238 beneatb
1237 4189 1266 4245 it,
1277 4188 1304 4237 in
1315 4204 1348 4237 sn
1359 4189 1454 4239 earlier

295 4254 307 4286 ⁴
322 4256 439 4319 Alppold
930 4252 1048 4303 hund—‘¹
1060 4254 1098 4303 De
1122 4254 1283 4322 fundacione¹
1299 4252 1454 4305 Monsstsrii

295 4318 556 4383 'testudine(or19.);
578 4318 697 4381 tmitudo,
715 4318 848 4367 testimon·
931 4318 1103 4437 ffld'ffl'
1110 4323 1169 4369 ente
1177 4324 1232 4368 orat
1240 4318 1350 4370 Ecclesia
1359 4319 1455 4369 Cathe-
