3242 5100
549 500 691 556 nrsnor
707 475 1018 559 saorrscorraa’s
1035 504 1231 563 asemona.

304 483 377 555 250

308 654 356 721 St.
372 654 518 741 Issey,-

372 742 447 791 Anno
457 744 553 800 eodem,
564 742 591 792 in
602 742 693 807 Vigiliis
709 743 796 794 Sancti
811 744 982 796 Bartholcmei
998 746 1040 809 [23
1053 747 1127 811 Aug,
1141 748 1223 811 ratsJ,
1239 748 1307 813 apud
1319 746 1458 807 Eonetcnc,

404 808 525 857 concessit
541 808 664 858 Dominus
681 809 818 873 Episcopus
831 811 940 860 literam
958 812 1120 875 Indulgencie
1131 830 1166 863 xx
1183 814 1282 864 dicrum
1293 814 1458 864 visitantibus

404 872 548 922 Oratorium
564 872 638 923 Beati
652 874 797 924 Eadmundi
813 874 839 923 in
857 876 966 926 Ecclesia
977 877 1009 926 de
1021 875 1098 928 Cruc¹
1108 884 1290 941 comtructum,
1307 879 1335 929 iu
1351 884 1458 941 utroque

404 938 479 987 Festo
490 943 518 987 et
527 938 625 1001 Vrgiliis
636 939 750 1003 ejusdem
763 940 933 1016 Ocniessoris;
952 941 973 993 7.

371 1000 1334 1137 aemulatorum*
1344 1009 1458 1123 1111

403 1133 511 1182 minores
527 1148 585 1182 cum
603 1134 691 1183 ceteris
707 1134 870 1197 proventibus
886 1136 967 1185 tocius
978 1138 1022 1185 alt'
1065 1138 1080 1149 ''
1094 1138 1201 1189 Ecclesia
1212 1140 1303 1189 Sancto
1315 1139 1360 1188 lde
1370 1154 1456 1201 supra-

402 1198 486 1260 dicte;
503 1214 599 1247 necnon
621 1197 744 1247 decimam
759 1199 812 1249 feni
826 1200 908 1250 tocius
925 1202 1043 1252 Parccbie
1059 1204 1173 1266 ejusdem
1195 1202 1312 1265 Eccisaie,
1329 1219 1379 1253 uns
1398 1217 1457 1251 cum

402 1263 504 1312 decimis
515 1264 630 1312 iubarum
639 1269 666 1312 et
675 1264 787 1327 pisarum
797 1265 825 1313 in
836 1264 897 1314 ortis
904 1281 973 1315 nunc
981 1268 1148 1318 existentibus
1158 1273 1185 1318 et
1196 1274 1255 1318 ante
1263 1284 1331 1318 nunc
1341 1268 1455 1327 excultis,

402 1344 454 1377 una
469 1344 528 1378 cum
544 1329 692 1377 Ssnctuaric
708 1333 763 1378 tcto
774 1333 801 1379 ct
811 1330 929 1379 domibus
939 1333 972 1380 sd
982 1332 1077 1382 dictam
1094 1333 1229 1383 Ecclesiam
1236 1331 1418 1397 spectantibus,
1430 1336 1457 1381 et

401 1393 484 1443 tribus
500 1392 562 1442 acris
578 1397 644 1442 terre
660 1393 811 1457 Anglicanis,
829 1411 878 1458 que
894 1396 926 1445 ad
943 1397 1023 1447 dictos
1041 1398 1170 1447 Decanum
1182 1403 1208 1447 et
1220 1399 1365 1463 Capitulum
1382 1401 1456 1446 antea

402 1459 570 1522 pertinebant,
581 1474 610 1507 ac
629 1458 708 1507 eciam
719 1458 832 1523 quinque
847 1476 915 1510 acras
931 1466 998 1511 terre
1014 1464 1082 1527 apud
1098 1464 1215 1523 Trecrulr,
1227 1478 1277 1527 que
1296 1464 1322 1511 in
1341 1463 1455 1527 quinque

402 1524 487 1573 solidis
498 1523 565 1572 dicte
577 1522 685 1573 Ecclesia
699 1524 789 1574 Sancte
807 1524 852 1574 Ide
866 1526 997 1577 annuatim
1012 1528 1126 1577 solebant
1140 1544 1193 1577 esse
1208 1528 1341 1587 censuales,
1359 1543 1374 1576 a
1390 1543 1457 1590 pres·

401 1588 498 1637 tucione
508 1588 624 1637 redditus
634 1588 770 1652 cujuslibet
786 1589 870 1639 liberis
886 1595 913 1640 ct
928 1591 1056 1641 absolutis.
1090 1592 1169 1642 Salvia
1186 1592 1303 1657 predictis
1320 1593 1420 1642 Deccno
1431 1596 1458 1640 et

401 1654 526 1717 capitulo,
542 1654 645 1717 suisque
660 1655 850 1713 successoribus,
868 1656 955 1705 ceteris
972 1657 1088 1706 omnibus
1104 1657 1242 1721 majoribus
1257 1657 1360 1707 decimis
1376 1656 1457 1705 tocius

402 1719 520 1768 Parochic
535 1718 686 1782 supradicte,
698 1735 749 1768 una
765 1736 824 1769 cum
839 1721 948 1783 quadam
966 1738 1042 1785 parva
1060 1722 1141 1771 crofta
1160 1723 1304 1772 continente
1320 1721 1453 1771 dimidiam

401 1799 484 1833 acram
494 1788 560 1833 terre
570 1784 742 1846 Anglicanam,
753 1800 803 1847 que
818 1786 886 1848 jacet
896 1785 923 1833 in
935 1786 1089 1836 Occidentali
1104 1792 1176 1850 parte
1187 1786 1295 1837 Ecclede
1306 1786 1398 1837 Sancte
1409 1786 1454 1837 Ide

400 1849 550 1912 supradicte,
561 1854 588 1897 ct
598 1849 687 1898 catena
697 1848 815 1899 omuibus
825 1849 936 1899 comodis
947 1855 973 1900 et
983 1850 1168 1910 emolumentis,
1181 1856 1227 1901 etc.

368 1914 503 1963 Reierence
513 1914 535 1962 is
546 1914 619 1962 made
630 1914 657 1962 in
667 1914 719 1963 this
730 1916 874 1964 Document
885 1913 976 1975 (which
987 1916 1009 1965 is
1019 1921 1066 1965 not
1076 1916 1163 1979 dated)
1174 1921 1202 1966 tc
1213 1916 1257 1966 tbc
1274 1916 1292 1942 ‘¹
1301 1916 1419 1968 cantaria
1428 1916 1455 1965 in

401 1979 503 2042 Capella
519 1978 605 2028 Sancti
619 1976 725 2039 Medeai,
738 1978 899 2041 Oonieaacris,
911 1980 979 2043 apud
991 1980 1097 2045 Helwyn
1108 1982 1122 2002 ”
1139 1980 1220 2043 (bodie
1231 1981 1348 2046 Halwyn)
1364 1982 1391 2030 in
1402 1980 1454 2031 this

400 2042 640 2093 Parisb—Arcbiccs
650 2043 681 2105 cf
693 2042 731 2093 tire
741 2044 814 2093 Deua
824 2043 876 2093 aad
888 2043 999 2109 Chapter,
1011 2047 1057 2096 No.
1068 2046 1132 2097 3625
1144 2047 1186 2097 rol
1199 2044 1250 2109 91.]

302 2108 351 2175 St.
377 2108 490 2174 James
515 2106 582 2171 “de
607 2107 687 2172 Alto
713 2107 841 2185 Passu,’'
867 2108 925 2175 the
947 2110 1116 2196 Hospitsu
1137 2110 1190 2192 0i;
1226 2113 1283 2178 Sca
1304 2132 1387 2197 page
1410 2108 1452 2179 37

388 2193 603 2280 (paragrapho
619 2196 639 2257 4
654 2194 721 2259 aud
737 2196 802 2275 10).

302 2367 312 2399 ¹
330 2371 343 2419 I
360 2384 467 2434 suppose
479 2368 493 2393 ‘¹
502 2368 637 2432 Egloacmc
646 2365 660 2391 '’
671 2368 693 2417 is
704 2374 798 2431 meant,
813 2372 853 2426 ie.

336 2437 373 2485 sc
386 2435 464 2485 ree.
493 2434 536 2495 or,
548 2433 640 2497 possm
658 2433 854 2494 ,rcrursmer
936 2371 1078 2433 infffim’
1106 2370 1147 2419 '⁰¹
1168 2370 1254 2421 lesem·
1270 2370 1453 2434 permittentes,

936 2436 1029 2485 eisdem
1048 2435 1175 2499 injuriam,
1195 2435 1344 2497 molestiam,
1366 2436 1453 2499 damp-

304 2499 315 2531 ²
331 2501 425 2551 Patent
469 2497 528 2561 liat
536 2499 606 2549 Edrr.
617 2498 630 2548 1
646 2498 666 2560 1,
673 2515 696 2563 p.
706 2501 728 2561 1,
738 2515 771 2551 m.
781 2500 854 2562 37,-

303 2566 381 2616 “Pro
399 2567 517 2628 Macistro
533 2571 555 2615 et
570 2563 700 2614 Fratribus
719 2566 855 2630 Hospitalis

335 2633 421 2681 Sancti
432 2629 519 2682 lucebi
529 2630 559 2680 dc
569 2629 624 2679 luo
637 2629 715 2680 Passa
724 2651 766 2681 :-

302 2696 317 2721 “
326 2698 380 2746 Rex
399 2694 604 2759 Archicpisccpis,
620 2695 756 2759 Episcopis,
770 2696 853 2746 Abba·

334 2762 411 2816 tibus,
439 2761 575 2821 Prioribus,
602 2760 802 2821 vicecomitibus,
826 2766 853 2810 ct

335 2825 452 2875 omnibus
469 2823 572 2874 Ballivis
582 2825 642 2885 suis,
654 2829 680 2873 et
691 2826 745 2874 aliis
757 2826 852 2876 Christi

334 2891 472 2951 Fidelibus,
488 2891 514 2939 in
531 2891 629 2954 Anglia,
646 2890 743 2952 Wallia,
759 2897 787 2940 st
805 2891 851 2940 Hi-

333 2956 426 3016 bernia,
438 2956 470 3004 ad
483 2971 547 3018 quos
564 2959 619 3015 etc,
636 2955 852 3006 salutem—Cum

334 3021 459 3070 Dominus
486 3020 553 3082 Papa
580 3019 678 3069 dilectis
704 3021 797 3069 nostris
824 3022 852 3070 in

334 3085 442 3145 Christo,
451 3085 570 3148 Magistro
581 3089 608 3132 ct
619 3084 749 3134 Fratribus
760 3086 851 3150 Hospi-

332 3150 390 3198 talis
412 3149 499 3200 Sancti
520 3148 608 3198 Jacobi
629 3149 661 3197 dc
683 3149 743 3198 Alto
765 3150 851 3212 Passu,

335 3214 487 3264 laucanensis
507 3213 626 3274 Dicccsis,
648 3215 751 3263 duxerit
768 3216 852 3264 indul·

333 3280 445 3342 gendum
461 3279 529 3343 quod
546 3279 622 3327 semel
639 3279 665 3326 in
681 3295 747 3328 anno
766 3280 852 3343 recipi·

333 3349 409 3393 antur
430 3344 458 3393 in
480 3343 603 3403 Ecclesiis,
631 3344 663 3391 sd
685 3344 852 3406 colligendum

333 3408 487 3470 elemosinas,
499 3413 600 3472 propter
610 3409 679 3471 quod
687 3407 735 3471 ipsi
743 3409 776 3457 ad
787 3409 852 3458 Loca

333 3475 431 3524 diversa
463 3490 508 3538 pro
536 3473 676 3522 elemosinis
705 3473 853 3536 hujusmodi

333 3539 479 3603 colligendis
500 3539 642 3598 accedunt;
675 3553 721 3586 nos
747 3538 852 3588 dilectos

332 3610 431 3654 nostros
441 3603 468 3653 in
480 3603 588 3664 (ihristo,
602 3603 702 3652 hames
714 3603 852 3667 Hospitalis

332 3669 446 3733 predicti,
469 3673 496 3718 et
517 3683 604 3718 eorum
621 3668 803 3730 Procuratores,
823 3685 852 3718 sc

332 3735 468 3784 eorundem
485 3734 603 3783 Fratrum
614 3738 641 3782 et
657 3733 851 3783 Procuratorem

331 3804 479 3860 attornatoa,
496 3798 617 3859 homines,
634 3802 720 3859 terras,
737 3815 783 3860 res,
795 3800 850 3848 red·

332 3865 410 3922 ditus,
439 3869 466 3913 et
492 3879 578 3912 omnes
606 3863 771 3926 possessiones
792 3879 850 3912 suas

330 3929 485 3992 suscepimus
500 3929 527 3977 in
543 3927 724 3992 protcccionem
737 3933 851 3978 nostram

331 3994 482 4058 spatialem
509 3993 580 4043 vobis
603 3993 797 4042 vicecomitibus
824 3997 851 4042 et

331 4059 434 4108 Ballivis
463 4058 555 4108 nostris
582 4057 746 4122 precipientes
781 4059 850 4122 quod

330 4124 523 4185 manuteneatis,
546 4123 689 4187 protegatis,
716 4134 743 4172 et
764 4123 849 4172 deien-

332 4189 398 4238 datis
421 4188 544 4252 predictos
563 4188 663 4237 batres
685 4192 713 4237 et
730 4188 849 4237 Procura-

331 4259 405 4315 tores,
427 4270 457 4302 ac
478 4269 564 4302 eorum
585 4256 733 4313 ottomatos,
752 4268 849 4302 necnon

330 4319 453 4378 homines,
483 4322 568 4379 terras,
596 4331 643 4377 res,
672 4316 794 4380 redditus,
822 4322 850 4367 et

330 4398 417 4434 omnes
435 4383 601 4447 possessiones
616 4381 772 4444 eorundem
797 4399 848 4433 non

935 2517 1006 2563 num,
1017 2506 1063 2552 aut
1073 2516 1215 2565 gravamen.
1258 2500 1300 2562 Et,
1312 2499 1406 2564 siquid
1418 2500 1453 2549 eis

935 2583 980 2680 par
1001 2582 1174 2630 quoscumque
1195 2566 1295 2616 clericos
1317 2566 1357 2615 vel
1379 2565 1454 2615 laicos

946 2632 1091 2681 oriciactum
1119 2631 1204 2688 inerit,
1226 2631 1254 2681 id
1276 2631 1318 2692 eis,
1341 2631 1395 2680 sine
1416 2631 1452 2680 di-

935 2695 1030 2746 latione
1065 2696 1162 2746 lecistis
1203 2696 1336 2746 emendari.
1395 2696 1453 2759 Vos,

935 2761 1020 2822 eciam,
1053 2761 1164 2811 Prelatcs
1190 2777 1306 2824 rogamus
1333 2761 1454 2824 quatinus

934 2841 992 2876 cum
1000 2825 1078 2876 iidem
1089 2827 1195 2888 Fratres,
1205 2827 1388 2884 Procuratores,
1402 2825 1454 2874 sive

934 2891 1055 2941 attornati
1072 2891 1177 2956 predicti
1193 2892 1226 2940 ad
1238 2891 1303 2940 Ioco
1313 2895 1397 2940 vestra
1407 2906 1453 2954 pro

934 2955 1082 3019 hujusmodi
1099 2955 1238 3006 elemosinis
1254 2955 1398 3016 colligendis
1414 2970 1452 3004 ac·

934 3022 1059 3082 cesserint,
1071 3022 1178 3085 benigne
1192 3021 1219 3069 in
1238 3020 1354 3070 Ecclesiis
1366 3020 1454 3069 restris

935 3087 1036 3148 negocia
1052 3103 1097 3136 sua
1119 3101 1249 3150 exponere,
1265 3090 1291 3134 et
1307 3085 1453 3134 elemosinas

936 3150 1013 3200 libere
1029 3167 1133 3214 querere
1149 3149 1309 3214 permittatis,
1322 3153 1348 3198 et
1359 3149 1452 3198 eisdem

937 3217 1074 3277 Fratribus,
1096 3214 1307 3274 Procuratoribus,
1327 3219 1354 3263 et
1375 3218 1452 3264 attor·

936 3281 1011 3340 notis,
1031 3281 1064 3330 ad
1083 3280 1231 3343 hujusmodi
1258 3279 1405 3328 elemosinas
1426 3279 1453 3328 iu

935 3345 1032 3394 Vestris
1048 3345 1193 3395 Diocesibus
1209 3345 1244 3393 sic
1260 3344 1389 3406 deputatis
1405 3343 1453 3393 col·

935 3409 1054 3472 ligandas,
1066 3410 1162 3459 Literna
1173 3413 1267 3458 vestras
1283 3409 1310 3457 in
1327 3407 1373 3456 hac
1384 3413 1454 3472 parte

935 3473 983 3523 sibi
999 3475 1141 3525 fructuosas
1162 3473 1298 3523 liberaliter
1321 3475 1454 3523 concedere

934 3539 1037 3590 velitis:
1053 3541 1089 3589 ita
1105 3539 1172 3602 quod
1189 3555 1204 3588 a
1220 3539 1274 3587 Deo
1291 3538 1410 3587 meritum
1427 3542 1454 3588 et

934 3619 950 3653 a
976 3605 1049 3655 nobis
1078 3609 1161 3668 gratos
1188 3608 1314 3668 reportare
1341 3603 1453 3653 debeatis

935 3669 1123 3732 speciales—In
1135 3668 1216 3732 cujus,
1227 3673 1361 3732 ctc,-per
1372 3683 1452 3717 unum

934 3749 1029 3783 annum
1056 3735 1214 3784 duraturum.
1227 3759 1259 3770 -
1270 3733 1345 3782 ‘fests
1378 3733 1452 3796 Rege,

933 3799 1000 3927 ppud
1018 3798 1276 3926 westmonasterium,
1293 3812 1326 3849 xv
1340 3797 1381 3847 die
1393 3797 1453 3847 Maii

901 3925 939 3977 De
951 3927 1063 3978 Generoir'
1073 3929 1283 3988 romaema-

901 3993 1010 4042 Jacobus
1033 3994 1164 4058 Oasyvelly
1182 3995 1213 4043 de
1231 3994 1341 4053 Saltcno,
1359 3992 1451 4042 Procu-

933 4063 1001 4108 rator
1016 4059 1131 4122 Magistri
1141 4063 1168 4107 et
1178 4059 1297 4107 Fratrum
1315 4057 1453 4122 Hospitalis

934 4123 1020 4173 Sancti
1036 4121 1125 4172 Jacobi
1141 4124 1172 4172 de
1193 4123 1252 4172 Alto
1269 4123 1356 4185 Passa,
1373 4123 1452 4172 Luca·

933 4189 1018 4238 nensis
1043 4187 1160 4247 Dicaeos,
1183 4187 1209 4235 in
1232 4187 1330 4252 anglia,
1352 4187 1397 4250 qui
1420 4189 1452 4237 de

933 4253 1048 4302 Liccncia
1062 4253 1137 4315 Regis
1153 4252 1185 4301 ad
1196 4253 1284 4301 Partes
1298 4251 1451 4302 transmari·

933 4332 978 4366 nas
1000 4317 1159 4382 proiecturus
1180 4321 1226 4378 est,
1251 4316 1329 4366 habet
1356 4317 1452 4367 literas

932 4383 1007 4446 Regis
1023 4385 1055 4434 de
1077 4381 1192 4434 Generaii
1208 4381 1388 4433 Attcmacione
1404 4382 1451 4432 sub
