3242 5100
616 527 794 582 eminant
815 529 951 584 mons.
1308 517 1354 586 59

200 679 372 765 Ooventry
388 681 511 766 [Roger
527 682 567 746 de
582 681 791 768 Longespeel
808 683 932 768 Bishop
948 683 991 760 of,
1006 686 1231 764 consecrated;
1247 689 1275 750 2.

201 784 335 849 Cowick
352 785 521 868 Priory,—

267 887 342 936 Anno
364 889 460 946 eodem,
486 889 621 948 Londonie,
644 889 662 952 ij
686 889 771 937 Nonas
793 889 923 939 Februarii
950 889 976 954 [4
1001 892 1070 949 Eeb..
1096 890 1204 954 1262·3],
1229 891 1354 941 Dominus

302 953 439 1017 Episcopus
450 954 553 1002 admIsit
565 955 678 1002 Fratrem
694 951 729 1016 [N
732 952 750 1015 .]
766 955 798 1002 de
816 956 964 1004 Columbers
975 957 1007 1004 ad
1019 958 1128 1019 regimen
1143 956 1281 1016 Prior-atus,
1298 957 1312 981 ‘⁸
1321 973 1354 1006 on

302 1017 345 1066 the
356 1017 507 1080 resignation
522 1018 549 1066 oi
567 1019 637 1067 Prior
644 1018 759 1079 Thomas,
778 1019 803 1079 (¹¹
811 1021 904 1069 tactam
921 1021 948 1069 in
967 1022 1093 1084 presencia
1104 1022 1207 1070 Domini
1217 1023 1353 1071 Rotboma·

301 1083 384 1143 gensis
401 1083 592 1146 Archispiscopi,
609 1083 683 1146 cujus
702 1083 798 1132 Iitsraa
817 1084 954 1144 exhibuit;
981 1091 1008 1134 st
1026 1087 1073 1134 hoc
1088 1087 1120 1134 ad
1138 1088 1353 1150 presentacionem

302 1147 407 1197 abbatis
416 1153 443 1197 st
454 1149 600 1198 conventus
611 1149 642 1196 da
653 1150 731 1197 Becco
741 1149 765 1210 ”)
776 1166 783 1209 ;
801 1151 840 1198 26.

203 1228 345 1300 Cowick‚
360 1228 418 1293 the
435 1227 550 1314 Priory
565 1228 630 1292 aud
645 1229 806 1305 Convent,
822 1235 956 1316 present
979 1235 1013 1295 ιο
1040 1231 1215 1317 Whiiuplo,
1241 1233 1296 1310 til,
1317 1238 1353 1298 ιο

291 1315 411 1390 Μοοιιι,
436 1313 490 1394 5¹';
516 1322 551 1381 ιο
574 1315 748 1388 Christow,
779 1319 824 1394 6⁰,
850 1320 903 1394 39,
934 1320 997 1396 96,
1031 1323 1066 1382 ιο
1097 1319 1143 1382 St.
1174 1319 1354 1395 Androw’S,

291 1400 435 1478 Oowick,
453 1401 527 1478 llll;
549 1408 584 1468 ιο
601 1402 843 1488 Okehanipton,
858 1407 908 1467 85.

202 1504 346 1578 llowiok,
362 1504 419 1569 the
434 1504 548 1570 Parish
563 1504 654 1584 of,—

295 1607 437 1673 'Fccoca'o
458 1607 593 1674 Vicarde
607 1608 801 1676 Ecclesiaste
817 1609 1036 1695 Commio:—

269 1712 540 1838 Aslsiffindpsslbdmrio,
553 1713 653 1762 nomiae
665 1714 768 1776 vicarie,
778 1730 794 1762 v
805 1730 901 1763 marcas
911 1715 938 1763 in
950 1715 1024 1763 certis
1040 1715 1198 1778 porcionibus
1215 1715 1259 1780 [28
1271 1715 1352 1780 Aegl,

202 1859 355 1922 Cowick:
383 1860 430 1922 St.
448 1859 612 1923 Michael’s
629 1859 753 1946 Chapel
775 1860 897 1944 “juxta
912 1860 1113 1938 Cowicke”;
1137 1859 1201 1924 84¹³.

201 1961 342 2034 Crabba,
359 1962 504 2046 Stephon
529 1966 556 2044 (¹⁴
570 1963 610 2026 dc
627 1963 767 2028 Suttone
779 1963 819 2044 ''),
834 1985 882 2028 sca
897 1963 948 2028 St.
964 1964 1151 2042 German's3
1175 1969 1236 2028 500.

199 2064 369 2140 Crediton,
385 2065 441 2130 the
464 2065 644 2151 Collegiate
671 2065 802 2132 Ohurch
829 2066 955 2145 oi,—in
980 2066 1038 2131 the
1062 2068 1191 2152 margin
1217 2077 1232 2100 “
1248 2068 1353 2133 Nuta”

291 2151 333 2228 (G
338 2150 534 2232 roacliesou)
548 2177 598 2215 :—

267 2257 342 2304 Anuu
362 2258 447 2304 oulen
466 2256 558 2317 [istil
571 2258 610 2305 die
623 2259 713 2306 Sancte
726 2257 881 2316 lluparothe
893 2257 1001 2316 Virginis
1018 2258 1060 2318 [20
1069 2258 1085 2304 J
1088 2258 1149 2320 uly],
1162 2258 1193 2306 ad
1205 2259 1352 2308 instanciam

300 2323 401 2370 Domini
412 2322 532 2384 Episcopi,
538 2323 620 2370 Decun
625 2339 653 2368 us
662 2334 687 2370 et
697 2323 844 2384 Capitulum
855 2323 992 2370 Exonicuac
999 2323 1179 2371 confirmarunt
1187 2328 1352 2385 augmentum

300 2402 342 2434 sex
357 2387 539 2435 l'rebendurum
553 2387 578 2434 in
590 2387 698 2434 Ecclesia
709 2387 896 2446 Criditonenai;
914 2389 953 2436 20.

195 2507 242 2518 —
259 2467 484 2542 Continuocc'o
497 2466 746 2533 Onidetoneusia
758 2492 809 2531 :-

267 2571 396 2623 Universis
428 2576 556 2635 presentes
577 2569 685 2621 'literas
718 2572 868 2635 inspecturis
900 2571 1033 2629 walterus,
1069 2571 1228 2620 miseracione
1260 2572 1353 2621 Divina

300 2635 447 2685 Exoniensis
469 2636 614 2699 Episcopus,
636 2636 744 2685 salntem
762 2638 789 2685 in
816 2636 925 2686 Domino
950 2636 1266 2700 nemimem-hiterius
1287 2638 1352 2686 bone

299 2702 418 2749 memorie
446 2702 546 2749 Ricardi
566 2700 693 2765 [Blondy],
711 2702 839 2763 quondam
862 2701 1009 2750 Exoniensis
1032 2702 1155 2763 Episcopi,
1175 2703 1352 2763 predecessoris

299 2767 385 2825 nostri,
404 2767 541 2828 sigillorum
560 2766 653 2814 Derani
672 2772 699 2814 et
722 2766 834 2828 Capituli
856 2766 927 2814 Beati
950 2766 1019 2814 Petri
1042 2766 1189 2814 Exouiensis
1211 2767 1351 2815 munimine

299 2832 432 2890 roboratas,
443 2831 655 2895 inspeximus-in
668 2832 712 2879 heo
724 2832 809 2880 verba:
817 2832 941 2879 Omnibus
950 2832 1040 2879 Sancte
1050 2831 1145 2889 Matris,
1154 2838 1209 2881 etc„
1223 2832 1350 2891 Ricardus,

300 2897 346 2943 Dei
365 2897 445 2959 gnicia
460 2902 516 2957 etc,
532 2902 643 2944 eternam
662 2896 687 2943 in
704 2896 813 2944 Domino
827 2896 1043 2944 salutem-Cum
1063 2911 1161 2957 semper
1179 2896 1250 2957 pium
1269 2897 1303 2944 sit
1325 2903 1352 2945 et

298 2961 396 3009 salubre
424 2961 533 3010 humane
555 2960 704 3009 condicionis
727 2960 909 3023 imperieocioni
929 2965 955 3008 et
976 2960 1125 3022 impotencie
1144 2961 1229 3008 studio
1251 2961 1352 3023 pietatis

298 3026 437 3085 subvenire,
458 3030 520 3074 tunc
542 3025 650 3073 maxime
673 3026 789 3088 precipua
811 3025 952 3073 devocionis
970 3026 1089 3072 meritum
1110 3025 1150 3087 pie
1167 3026 1307 3087 completur
1324 3038 1352 3075 et

299 3091 457 3139 laudabiliter
484 3106 541 3138 cum
565 3092 634 3154 juste
662 3090 839 3137 dccedencium
865 3089 997 3148 voluntati,
1025 3090 1138 3149 utilitati,
1161 3095 1188 3137 et
1210 3090 1351 3139 necessitati

298 3156 416 3217 prudenti
426 3156 571 3217 providetur
581 3155 704 3203 industria
711 3173 715 3203 :
722 3156 780 3203 iude
792 3156 906 3216 estquod
919 3156 951 3203 sd
962 3154 1136 3203 Univeisitatis
1145 3159 1226 3201 vestre
1233 3155 1351 3203 noticiam

298 3227 384 3268 tenore
396 3221 553 3268 Presencium
564 3220 682 3267 volumus
702 3220 831 3281 pervenire
842 3221 909 3281 quod
929 3235 982 3278 nos,
1001 3220 1033 3267 de
1053 3219 1167 3267 unanimi
1184 3236 1304 3267 consensu
1324 3228 1352 3268 et

298 3301 399 3333 assensu
411 3286 559 3333 dilectorum
578 3284 694 3345 filiorum,
705 3284 796 3332 Decuni
808 3289 835 3331 et
850 3284 960 3346 Capituli
973 3284 1120 3331 Exonienaia
1134 3284 1248 3344 Ecclesia,
1261 3284 1352 3333 niune

298 3350 398 3412 pietatis
410 3350 514 3408 intuitu,
525 3350 661 3398 liberaliter
672 3350 838 3407 concedimus,
850 3357 877 3396 et
893 3355 978 3396 tenure
991 3349 1151 3396 presencium
1167 3349 1350 3409 confirmamus,

298 3420 324 3461 et
346 3415 462 3477 deinceps
483 3414 639 3462 decernimus
670 3414 846 3461 inviolabiliter
877 3414 1008 3473 observari,
1032 3414 1127 3461 scilicet
1147 3414 1215 3475 qnod
1244 3414 1352 3476 quilibet

298 3480 437 3527 Canonicus
449 3479 557 3527 Ecclesio
570 3479 750 3527 Criditouensis
766 3479 791 3525 in
802 3480 920 3526 extremis
936 3494 1019 3541 agens,
1031 3480 1063 3526 ad
1074 3478 1262 3540 suplementum
1275 3484 1350 3527 testa·

297 3544 377 3592 menti
387 3544 428 3593 sui
439 3548 466 3592 st
475 3545 508 3592 ad
519 3544 696 3592 ralerscionem
704 3542 837 3591 fructuum
849 3543 925 3592 unius
935 3546 1002 3603 anni,
1012 3543 1057 3605 qui
1068 3543 1193 3591 debentur
1204 3560 1235 3591 cx
1245 3544 1352 3608 antiqua

298 3608 460 3657 Ordinacions
472 3608 576 3671 singulis
588 3608 820 3657 Canonicisiabrice
838 3609 948 3671 predicte
967 3608 1083 3667 Ecclesia,
1095 3607 1148 3655 sive
1158 3607 1185 3655 in
1196 3608 1250 3656 vita
1260 3608 1312 3657 sive
1323 3609 1350 3658 in

296 3678 384 3733 morte,
414 3674 526 3721 omnium
554 3674 677 3721 bonorum
705 3672 835 3721 Prebcnde
857 3688 902 3721 sue
929 3671 1037 3735 proximi
1059 3672 1119 3720 anni
1146 3677 1204 3734 post
1220 3673 1351 3723 decessum

298 3738 436 3799 cujuslibet
448 3738 566 3787 Canonici
575 3737 679 3785 liberam
690 3737 716 3786 in
728 3738 846 3786 omnibus
857 3737 948 3785 habeat
958 3736 1162 3799 disposicionem
1181 3737 1218 3785 ita
1228 3739 1297 3801 quod
1308 3738 1351 3787 illa

298 3803 364 3851 bona
373 3802 465 3865 quibus
477 3807 503 3851 st
514 3802 540 3850 in
556 3819 619 3865 quos
631 3818 692 3850 usus
707 3802 761 3864 pios
771 3802 880 3851 voluerit
890 3803 986 3864 integre
997 3802 1091 3865 poterit
1101 3802 1230 3864 emigrare.
1266 3804 1309 3864 Et,
1321 3810 1352 3852 ut

298 3867 343 3915 hec
360 3872 445 3915 nostra
463 3869 586 3915 concessio
601 3874 627 3915 st
644 3866 800 3915 confirmacio
808 3867 987 3930 inperpetuum
1001 3867 1079 3915 robur
1086 3866 1213 3915 firmitatis
1229 3868 1350 3929 obtineat,

298 3938 439 3995 presentem
451 3932 566 3994 paginam
579 3931 652 3994 sigilli
665 3933 743 3979 nostri
756 3932 902 3989 munimine,
914 3948 966 3979 una
975 3946 1033 3979 cum
1045 3932 1201 3993 opposicione
1212 3932 1350 3994 sigillorum

297 3997 390 4046 Decani
414 4002 440 4045 st
469 3996 579 4059 Capituli
601 3996 714 4059 predicti,
737 3996 843 4044 iacimus
867 3996 1117 4045 roborari-Datum
1144 3996 1248 4054 Exonie,
1276 3997 1350 4046 Anno

297 4060 401 4111 Domini
421 4060 461 4108 Μο
470 4062 523 4111 00⁰
532 4062 575 4109 pno
586 4062 670 4122 tercio,
688 4062 714 4109 in
725 4062 799 4109 Festo
810 4061 956 4110 Nativitatis
964 4060 1101 4120 Dominics,
1113 4064 1140 4110 st
1151 4060 1350 4111 consecracionis

297 4132 382 4175 nosue
411 4126 578 4187 nono-Nos,
608 4126 692 4189 igitur,
712 4126 849 4188 predictam
873 4124 1055 4174 concessionem
1082 4131 1109 4173 et
1135 4124 1351 4175 confirmacionem

297 4196 364 4239 ratas
378 4191 498 4240 habentes
511 4206 552 4239 eas
570 4190 710 4240 Pontificali
728 4191 878 4239 auctoritato
892 4190 1076 4250 confirmamus,
1087 4195 1114 4239 et
1124 4190 1246 4253 presentis
1258 4190 1351 4254 Scripti

196 4380 205 4412 ¹
217 4382 259 4431 die
271 4379 388 4429 Mercurii
400 4378 512 4443 proxima
523 4384 580 4441 post
592 4378 695 4428 Festum
707 4378 793 4429 Sancti
804 4376 981 4427 Bartholomei.
