3242 5100
351 557 429 610 rna
453 555 651 610 amaros
679 555 729 610 os
756 555 854 610 rora
879 550 1067 608 arenosas
1092 551 1147 608 ιν.
1250 537 1321 606 451

232 711 349 762 'laxscm
376 712 506 762 Bonosus
533 712 786 762 aoemssuoom
807 721 837 760 na
864 709 979 759 Drocmr
1008 705 1156 756 Esorrsrsr
1182 717 1322 756 cacumen

266 789 357 826 rasura
373 789 503 828 vacuans.

229 857 278 908 late
292 865 326 909 cat
344 857 416 909 ctae
436 859 469 908 D.
487 859 601 921 Audiat,
618 858 726 908 licctcrie
742 856 843 908 Bccleaic
858 855 888 905 de
906 851 1071 905 amm.

860 960 986 1027 [Taxacio]
1116 957 1243 1023 [Decima]

203 1044 327 1097 Olmsa¹
380 1047 482 1110 capella
491 1046 579 1096 Sancti
590 1046 722 1096 Iaurencii
820 1044 912 1103 liichil,
920 1045 1022 1106 propter
1035 1055 1085 1104 pau
1157 1046 1215 1091 tam

379 1111 481 1176 Oapalla
491 1111 578 1162 Sancti
588 1111 711 1175 Stephani
901 1109 929 1172 ij.
1098 1106 1164 1182 ichil,
1176 1113 1297 1170 utsupra.

380 1176 482 1241 Oapella
492 1174 695 1226 SanctiMarfini
1073 1171 1168 1221 Nrchrl.

380 1242 482 1306 Capella
493 1242 569 1291 Beate
579 1242 658 1290 llario
667 1240 769 1306 Maioris
892 1254 944 1288 xxa.
1073 1236 1165 1286 Nichil.

380 1306 481 1371 Oapclla
491 1307 578 1356 Sancti
589 1307 677 1357 Jacobi
820 1305 1021 1369 Nichil,propter
1032 1306 1215 1378 paupertatem.

380 1371 480 1435 Oepella
491 1372 583 1421 Sancte
596 1371 728 1420 Trinitatis
1071 1367 1163 1422 llichal.

379 1436 480 1500 Oapella
491 1437 577 1486 Sancti
586 1436 708 1486 leonardi
852 1435 900 1498 vjs.
916 1436 987 1500 viija.

378 1501 479 1565 Oapella
490 1501 576 1550 Sancti
587 1501 687 1565 Georgii
899 1500 937 1564 ija
1238 1562 1244 1572 ι

377 1566 479 1630 Oapella
493 1564 580 1615 Smcti
595 1566 718 1616 iohannis
734 1566 766 1614 de
783 1564 899 1614 arcubus
910 1566 951 1614 vix
962 1567 1055 1620 sufficit
1065 1569 1098 1619 ad
1109 1568 1320 1615 sustentacronam

409 1631 485 1680 unius
497 1631 746 1695 Capelianiproptcr
756 1634 938 1694 paupertatem.

374 1695 476 1760 Oapella
490 1696 564 1745 Beata
573 1696 653 1745 llario
663 1697 695 1745 de
703 1696 764 1746 Ora·

405 1761 481 1810 dibus
894 1761 936 1810 xlc
1113 1760 1217 1811 Decima
1227 1755 1283 1818 iiiia.

375 1825 478 1890 Capella
488 1825 574 1876 Sancti
586 1825 717 1876 Ildmundi
818 1824 922 1875 vix-ut
932 1841 1017 1892 utapro.

375 1891 603 1955 OapellaOmuium
617 1891 767 1941 Sanctorum
838 1955 844 1966 Ι

375 1956 684 2098 afficit-“osa
820 1963 1018 2084 effluam

375 2086 492 2200 Oafflab
510 2084 589 2136 Beate
620 2087 699 2136 Mane
725 2086 758 2136 de
837 2151 923 2200 ...m

457 2167 475 2200 u
493 2166 523 2200 us
819 2165 862 2199 vix
934 2167 1018 2216 capra

375 2214 476 2280 Oapella
486 2216 573 2265 Sancti
583 2215 682 2265 Petrcci
820 2216 1018 2280 vix-ctauprc.

374 2280 476 2344 Capella
487 2281 574 2331 Sancti
585 2281 679 2330 Kerani
853 2281 898 2346 vja.
916 2281 986 2346 viijtl

375 2344 476 2409 Capella
487 2345 574 2395 Sancti
585 2346 712 2396 Pancracii
821 2345 923 2397 vix-ut
933 2363 1018 2412 supra.

374 2409 476 2474 (lapella
486 2410 573 2460 Sancti
589 2411 662 2460 Pauli
901 2412 939 2476 ija.

372 2475 474 2540 Oapella
480 2475 602 2526 Omnium
617 2476 768 2527 Sanctorum

404 2540 586 2592 inauriiabria
820 2542 923 2593 rix-ut
934 2559 1019 2608 arpo.

167 2876 175 2907 ¹
195 2878 275 2929 otum
291 2877 321 2942 by
338 2876 409 2927 Peter
424 2877 454 2928 dc
464 2875 580 2938 Pomm,
592 2877 649 2927 otta
665 2877 704 2927 tte
719 2884 813 2928 comat
829 2876 860 2941 os
882 2877 971 2939 Μαί,
983 2876 1022 2927 laia
1046 2877 1115 2939 Wife,
1132 2878 1162 2941 os
1174 2896 1209 2927 uu
1224 2879 1320 2929 annual

233 2950 287 2993 reat
297 2941 328 3006 cs
340 2942 501 3006 twentpciqlt
508 2958 582 3005 pmec
592 2950 616 2991 to
627 2943 787 3005 emp-cipli
799 2942 900 3006 Olcpcla
910 2947 939 2991 la
946 2944 985 2992 tte
994 2943 1050 3007 Oity
1060 2944 1090 3002 of
1104 2944 1190 2994 &aa
1197 2963 1239 2995 :-

170 3008 279 3059 “Sciant
298 3013 426 3072 presentes
437 3011 464 3057 et
480 3008 562 3057 futuri
579 3008 648 3071 quod
665 3023 717 3070 ego,
729 3008 821 3057 Petrum
837 3008 869 3057 de
884 3008 996 3070 Falerna,
1007 3024 1109 3057 aeacum
1125 3008 1224 3070 Yeabel,
1235 3010 1320 3058 uxoris

233 3089 296 3135 mee,
308 3078 335 3123 et
345 3073 467 3122 haredum
477 3088 599 3133 meorum,
611 3073 719 3121 concessi
735 3077 762 3121 et
777 3073 836 3123 dedi
852 3073 981 3122 redditum
992 3073 1083 3137 viginti
1093 3078 1150 3123 octo
1160 3075 1320 3123 denariorum

233 3140 266 3188 de
281 3138 408 3202 mesuagio
427 3138 496 3201 quod
516 3137 660 3201 Stephanus
677 3137 799 3187 Walcnsis
818 3141 897 3199 tenet,
916 3139 985 3202 quod
1007 3143 1046 3188 eat
1068 3138 1135 3188 inter
1156 3144 1250 3189 terram
1270 3155 1319 3203 que

234 3204 286 3253 tuit
302 3203 424 3253 Baldwlni
444 3202 563 3252 Bulivcnt
577 3207 605 3251 et
623 3206 716 3251 terram
733 3202 862 3266 Radulphi
876 3200 1011 3261 Hestiaeus,
1029 3203 1120 3267 viginti
1136 3209 1192 3254 octo
1209 3204 1320 3267 Kapellis

234 3268 400 3332 subscriptis3
425 3268 527 3327 scilicet,
547 3268 623 3317 Beata
642 3267 759 3330 Sativole,
778 3268 866 3317 Sancti
887 3268 1063 3329 Bartholomei,
1083 3269 1170 3319 Sancti
1189 3269 1319 3333 Staphaui,

238 3334 325 3383 Sancti
335 3333 445 3394 llar'tini,
458 3333 543 3382 Sancti
555 3332 625 3381 Petri
633 3330 727 3396 Magni,
739 3333 831 3382 Sancte
842 3333 920 3382 Maria
932 3332 1029 3396 Magne,
1041 3334 1132 3383 Sancto
1144 3335 1222 3384 liar-ie
1233 3335 1319 3396 Parve,

238 3398 326 3448 Sancti
342 3397 412 3447 Petri
427 3398 509 3455 Parvi,
526 3398 613 3447 Sancti
629 3396 735 3458 Petroci‚
751 3398 838 3447 Sancti
853 3396 950 3457 iacobi,
966 3399 1057 3448 Sancte
1073 3398 1211 3461 Trinitatis,
1229 3401 1320 3449 Sancto

238 3462 317 3513 Mario
336 3462 489 3527 Magdmena
507 3462 593 3513 Sancti
611 3462 740 3522 Leonardi,
752 3462 840 3512 Sancti
856 3462 963 3526 Georgii,
982 3463 1068 3513 Sancti
1083 3464 1212 3523 iohannis,
1234 3465 1320 3514 Sancti

237 3529 362 3588 Edwardi,
372 3528 458 3577 Sancti
469 3527 621 3588 Iiadmurffli,
630 3528 716 3577 Sancti
723 3526 827 3589 rhomo,
839 3528 960 3577 Omnium
977 3528 1133 3589 Sanctorum,
1146 3529 1233 3579 Sancti
1242 3530 1320 3591 Olari,

238 3594 329 3643 Sancto
340 3592 425 3654 Maric,
438 3592 524 3642 Sancti
537 3592 666 3653 Oudbarti,
678 3592 764 3641 Sancti
775 3592 885 3653 Kieraui,
897 3592 983 3643 Sancti
998 3594 1131 3655 Pancracii,
1143 3594 1229 3644 Sancti
1241 3594 1319 3655 Pauli,

239 3659 332 3708 Sancte
350 3657 488 3716 Trinitatis,
510 3657 630 3707 Omnium
651 3655 810 3715 Sanctorum,
834 3657 919 3707 Sancti
941 3658 1079 3719 Iaurcncii,
1096 3659 1190 3707 ciedcm
1214 3660 1320 3722 Oapellie

240 3723 267 3837 a
283 3720 870 3851 rausurrtrruarttirila
886 3722 930 3836 i?
940 3722 1321 3852 attitulatam

239 3858 353 3916 tempore
360 3852 445 3912 luerit,
457 3856 589 3914 tamquam
599 3851 753 3915 procuratori
771 3852 805 3901 ad
822 3851 930 3901 eundem
944 3852 1073 3902 redditum
1092 3852 1195 3916 prelatis
1213 3806 1320 3917 capellis

240 3917 444 3967 distribuendum
455 3916 602 3974 constituto.
613 3916 746 3966 annuatim
756 3917 901 3980 persolvent
911 3918 937 3966 in
954 3918 1053 3967 duobus
1063 3918 1187 3967 Ter-minis
1197 3933 1204 3978 ς
1221 3920 1323 3980 scilicet,

238 3984 270 4031 ad
279 3982 386 4031 Vincula
394 3982 480 4031 Sancti
488 3981 557 4031 Petri
567 3986 595 4031 ot
602 3982 635 4031 ad
645 3980 848 4031 Purificacioucm
858 3983 934 4031 Beata
942 3982 1025 4032 Mario.
1061 3983 1217 4046 Capelianus,
1228 3990 1322 4045 autem,

240 4048 274 4096 de
284 4048 376 4097 Sancto
387 4046 525 4096 laurencio
541 4046 586 4111 qui
602 4062 648 4111 pro
663 4051 777 4110 tompore
792 4047 877 4107 tuerit,
889 4063 935 4111 pro
951 4063 1026 4097 onere
1042 4049 1223 4110 procurationis
1240 4066 1285 4097 sue
1297 4054 1324 4098 et

240 4113 332 4172 labora,
351 4112 473 4161 relevium
490 4112 522 4160 de
538 4112 650 4175 predicta
671 4112 867 4226 maim
888 4112 1030 4175 contigerit,
1052 4112 1188 4175 percipict;
1211 4118 1238 4163 ct
1256 4115 1324 4163 idem

242 4177 392 4241 Capelianus
408 4177 440 4225 de
462 4177 554 4226 Sancto
571 4177 708 4226 laurencio
727 4193 745 4239 p
783 4182 856 4226 atum
871 4178 1001 4227 redditum
1021 4178 1140 4241 predictis
1157 4178 1264 4242 Oapellis
1292 4180 1325 4227 ad

242 4242 439 4291 anniversarium
457 4257 543 4291 mcum
559 4246 587 4291 et
603 4242 688 4291 uxoria
704 4257 759 4290 mee
778 4242 870 4291 Yaabel
885 4242 1036 4299 iaciendum,
1049 4247 1077 4291 et
1092 4244 1238 4293 memoriam
1255 4250 1325 4293 ante·

243 4322 369 4357 ceasorum
385 4311 413 4356 et
428 4322 600 4356 succcasorum
616 4321 737 4367 meorum,
755 4306 864 4356 fideliter
879 4307 1012 4357 aunuatim
1031 4308 1157 4371 persolvet
1172 4309 1198 4357 in
1218 4310 1327 4359 crastino

243 4372 331 4422 Sancti
346 4371 424 4421 Blasii
439 4370 467 4435 [4
484 4370 564 4432 Feb.].
598 4372 640 4432 lit,
655 4375 687 4420 ut
702 4372 749 4420 hec
765 4372 875 4422 Donacio
891 4372 964 4421 firma
979 4377 1130 4436 permaneat,
1146 4390 1201 4422 eam
1218 4374 1329 4437 presenti

243 4438 342 4501 Scripto
363 4441 391 4485 et
412 4436 487 4501 sigilli
508 4437 559 4486 mai
580 4437 736 4501 apposicioue
752 4436 916 4497 confirmari3
933 4438 981 4487 hiis
1008 4438 1276 4499 {lectibus-Eudone
1297 4440 1330 4489 de

333 4535 355 4601 2
373 4538 410 4600 π’
