3242 5100
295 514 342 584 42

545 531 686 588 arsace
701 507 1004 587 saounaconan’s
1021 533 1214 589 eucratas„

366 687 440 738 Anno
462 687 557 748 eodem,
580 685 616 752 xij
640 688 767 738 Kalendas
786 689 898 749 Augusta·
919 688 961 750 [21
980 687 1061 754 Julyl,
1083 689 1151 739 idem
1173 688 1386 753 Archiepisoopus,
1409 704 1453 751 per

370 775 372 778 ·
397 751 497 802 clericos
508 769 573 813 satos,
586 753 699 802 visitavit
709 754 821 803 Priorem
831 759 859 803 et
870 755 1030 804 conventum
1041 755 1177 815 Tottonie;
1194 756 1234 804 20.

364 817 439 868 Anno
461 819 557 880 eodem,
580 818 608 882 xj
631 817 758 868 Kalendas
780 819 891 882 Augusti
914 819 957 880 [22
979 819 1059 882 July],
1082 819 1149 868 idem
1171 818 1388 882 Archiepisoopus,
1408 833 1452 882 per

398 882 498 932 clericos
506 898 572 944 atros,
584 882 697 932 visitavit
708 883 821 932 Priorem
832 890 859 932 et
870 884 1030 933 (laurentum
1042 883 1195 947 Piimptonie
1206 900 1213 944 3
1229 884 1289 934 ibid.

365 947 439 998 Anno
458 949 546 997 eodem
565 964 581 997 x
600 947 726 997 Kalendas
743 948 853 1011 Augusti
871 949 913 1009 [23
933 947 1014 1012 Julsls
1032 949 1156 998 Dominus
1175 948 1267 999 Archia
1283 949 1388 1012 ieoopus,
1408 965 1452 1012 per

397 1012 498 1062 elericos
508 1027 574 1072 suos,
583 1012 694 1062 visitarit
707 1013 831 1062 Abbatem
844 1019 870 1062 et
882 1014 1042 1062 Carventum
1053 1013 1209 1073 'l‘avistoki03
1231 1017 1236 1028 '
1256 1018 1260 1028 “

363 1077 445 1138 Anno,
457 1077 506 1138 die,
525 1078 579 1126 loeo
595 1077 713 1140 predictis
731 1075 774 1142 [20
791 1077 885 1141 Juiy,¹]
905 1080 973 1141 apud
992 1079 1122 1139 Exoniam,
1142 1079 1222 1128 exivit
1238 1079 1276 1127 W.
1293 1080 1325 1127 dc
1343 1078 1450 1141 Capella,

395 1158 453 1191 cum
465 1141 560 1191 ‹lerids
576 1142 678 1191 Domini
695 1142 880 1206 Archiepiscopi
896 1143 1065 1204 visitantibus,
1082 1147 1107 1192 et
1125 1144 1200 1192 rediit
1215 1143 1256 1192 die
1270 1142 1374 1192 Sabbati
1392 1147 1451 1191 ante

394 1207 436 1256 ad
451 1207 558 1256 Vincula
574 1205 616 1268 [80
628 1203 709 1272 July],
725 1208 792 1270 apud
809 1206 999 1267 Sudtsutone²;
1025 1213 1052 1256 et
1062 1208 1088 1256 in
1100 1209 1207 1257 crastino
1218 1207 1310 1263 exivit;
1328 1213 1355 1256 et
1365 1212 1451 1270 postea

395 1271 477 1333 rediit,
497 1272 565 1334 apud
583 1273 705 1322 Sanctum
723 1273 886 1332 Germanum,
904 1273 945 1321 die
960 1273 1031 1321 Luae
1046 1278 1104 1336 post
1123 1273 1163 1321 Ad
1180 1273 1293 1333 Vincula,
1307 1272 1333 1320 in
1349 1272 1451 1322 Octabie

396 1337 458 1386 dieti
469 1337 538 1386 Festi
549 1337 575 1397 [8
584 1335 661 1400 Aug]
672 1353 748 1400 prope
760 1336 863 1385 Drancis
871 1334 1036 1400 [Brudninch]
1049 1354 1055 1397 ;
1072 1337 1130 1387 itia

363 1401 437 1452 Anno
454 1402 549 1462 eodem,
561 1401 588 1450 ix
605 1401 731 1450 &lendes
749 1401 859 1464 Augusti
878 1400 920 1466 [tl
936 1402 1016 1465 July].
1033 1401 1240 1465 Archiepisoopua
1256 1401 1449 1461 cantuariensis,

395 1483 439 1530 per
449 1466 549 1515 clericos
560 1482 626 1526 snos,
639 1466 750 1515 visitavit
759 1467 869 1516 Priorem
881 1472 908 1516 et
919 1468 1079 1516 conventum
1091 1468 1262 1516 Inncevetonc
1274 1483 1280 1526 ;
1293 1466 1350 1514 ibid

362 1531 437 1580 Anno
455 1532 550 1592 eodem,
571 1531 612 1580 die
631 1531 716 1581 Sancti
739 1531 826 1580 Jacobi
849 1532 891 1592 [25
917 1529 997 1596 Jnlyl
1021 1531 1087 1580 idem
1111 1531 1318 1595 Archiepisoopus
1340 1529 1451 1580 visitavit

396 1596 505 1645 Priorem
516 1601 542 1645 et
554 1597 713 1646 conventum
725 1595 864 1657 Bodminie‚
877 1612 921 1659 per
932 1597 1032 1645 cosdem
1047 1613 1053 1656 ;
1065 1596 1125 1646 ibid.

362 1660 437 1709 Anno
448 1658 558 1724 [eodem]
571 1661 605 1725 vij
624 1661 750 1710 Kalendas
766 1661 876 1724 Augusti
893 1660 936 1722 [26
947 1661 1028 1725 July1,
1040 1661 1107 1710 idem
1119 1660 1325 1724 Archiepiscopus
1337 1660 1449 1709 visitavit

395 1725 506 1774 Priorem
517 1730 544 1775 et
556 1725 714 1775 Conventum
726 1727 758 1774 de
769 1725 932 1789 Tywerdrnit,
943 1742 988 1789 per
998 1726 1097 1775 eosdem
1112 1741 1119 1786 ;
1131 1726 1188 1775 ibid.

362 1791 436 1840 Anno
447 1791 543 1848 eodem,
555 1805 572 1838 v
584 1790 709 1839 Kalendas
720 1790 831 1853 Augusti
842 1791 883 1852 [28
895 1791 912 1840 J
915 1790 975 1854 uly],
988 1791 1112 1840 Dominus
1120 1790 1326 1854 Archiepiscopus
1337 1789 1449 1840 visitmit

394 1855 520 1905 Abbatem
532 1859 558 1903 et
570 1855 729 1905 conventum
744 1855 909 1914 Hertilondie,
921 1871 966 1918 per
976 1857 1092 1915 eosdem;
1109 1855 1169 1904 ibid.

362 1919 443 1980 Anno,
461 1921 522 1980 loco,
539 1926 567 1969 et
583 1920 623 1968 die
640 1920 733 1968 eisdem
745 1918 771 1982 [9
783 1919 856 1968 Dec.³
869 1919 939 1980 1277,
959 1921 1050 1984 “apud
1068 1919 1249 1984 Horsleghe”]‚
1267 1920 1347 1969 exivit
1366 1919 1450 1970 litera

394 1985 442 2034 sub
452 1985 498 2034 hac
510 1985 590 2034 forma
602 1985 775 2044 z-Waltcrus,
790 1985 838 2034 Dei
855 1985 943 2034 Gracia
959 1985 1108 2034 Exoniensis
1125 1985 1269 2048 Episcopus,
1281 1985 1379 2034 dilectis
1390 1985 1448 2033 liliis

394 2050 493 2098 Deosno
514 2049 648 2099 Exoniensi
663 2054 690 2098 et
708 2050 812 2099 Officiali
830 2055 916 2098 nostae
931 2051 1046 2109 salutem,
1062 2049 1177 2113 graciam,
1196 2056 1224 2098 ct
1240 2050 1446 2098 benediccionem

394 2115 497 2164 Statuta
509 2116 640 2164 canonum
652 2131 680 2163 eo
693 2114 806 2164 strictius
817 2115 890 2163 dccet
901 2115 1025 2163 observari
1036 2131 1087 2178 quo
1097 2115 1197 2178 gravius
1208 2114 1351 2177 puniuntur
1361 2131 1448 2163 eonnn

393 2179 539 2240 desertores,
557 2195 615 2228 cum
632 2195 707 2242 super
722 2179 770 2228 hoc
785 2179 893 2228 convicti
912 2180 1015 2240 fuerint,
1035 2197 1137 2243 quoquo
1151 2181 1233 2228 modo.
1268 2180 1343 2240 Cum,
1361 2179 1447 2241 igitur,

393 2243 441 2293 hiis
452 2244 541 2293 diebus
553 2243 656 2293 Domini
668 2243 854 2294 (lantuariensis
865 2244 1049 2308 Archiepiseopi
1060 2244 1086 2293 in
1096 2243 1210 2307 partibus
1217 2244 1309 2293 nostris
1317 2244 1448 2293 immineat

294 2361 297 2372 ¹
393 2307 524 2358 Visitscio⁴
540 2309 659 2370 iacienda,
676 2309 721 2372 qui
738 2309 852 2372 exemplo
863 2309 980 2358 Sedentis
996 2309 1023 2357 in
1042 2309 1133 2366 Trono,
1150 2310 1182 2359 de
1199 2310 1280 2371 Cujus
1293 2325 1336 2357 ore
1350 2308 1448 2371 gladius

392 2373 505 2438 procedit
514 2374 650 2433 bisacutus,
662 2373 687 2422 in
700 2373 848 2423 exeeucione
859 2373 990 2423 (lenonum
1001 2379 1028 2423 et
1036 2374 1210 2433 conciliorum,
1222 2373 1276 2422 aine
1286 2389 1448 2435 personamm

392 2440 543 2502 aoeepcione‚
566 2443 597 2488 ut
619 2439 718 2500 dieitur,
742 2437 794 2502 jam
815 2438 934 2501 processit
951 2438 977 2488 in
997 2439 1111 2502 partibus
1129 2438 1245 2487 visitatis.
1287 2438 1358 2498 Quia,
1379 2453 1446 2494 vero,

391 2503 474 2569 jacilla
484 2503 581 2567 previas
597 2503 681 2553 minus
698 2503 780 2553 ledere
791 2504 918 2565 dicuntur,
935 2519 989 2565 nos,
1006 2503 1117 2553 volentes
1128 2503 1214 2567 pocius
1229 2503 1358 2567 prevenire
1368 2519 1446 2566 quam

392 2568 522 2633 preveniri,
534 2570 560 2618 in
571 2568 619 2619 hiis
631 2569 807 2633 precipueque
823 2570 875 2632 jam
892 2570 991 2618 dudum
1007 2570 1040 2618 ad
1055 2585 1128 2618 aures
1139 2574 1236 2618 nostres
1248 2566 1375 2631 frequenti
1387 2568 1446 2617 lide·

392 2634 526 2697 dignornm
534 2634 654 2683 relacione
662 2639 839 2698 pervenerunt,
848 2634 964 2683 videlicet
975 2635 1043 2697 quod
1054 2634 1227 2683 Archidiaconi
1236 2634 1324 2689 nostri,
1331 2633 1447 2682 officiales

392 2703 419 2748 et
429 2698 602 2748 ministeriales
618 2700 738 2763 ipsorum,
749 2699 866 2748 subditos
875 2715 934 2748 suos
950 2697 976 2747 in
994 2700 1124 2747 exaccione
1134 2698 1340 2762 procuracionum
1356 2715 1371 2746 a
1386 2698 1446 2747 locis

392 2780 443 2813 non
454 2764 569 2825 visitatis,
581 2769 667 2813 contra
683 2769 781 2813 statuta
794 2764 932 2824 (lenonum,
945 2780 973 2812 sc
989 2763 1044 2812 aliis
1061 2764 1164 2812 diversis
1180 2762 1312 2826 generibus
1324 2763 1445 2825 gmvami-

391 2844 461 2889 num,
473 2845 530 2893 qne,
542 2845 592 2879 non
604 2834 643 2878 est
653 2829 769 2886 dubium,
784 2828 914 2878 Canonicis
925 2828 1029 2877 obviant
1040 2829 1176 2885 institutis,
1187 2828 1296 2891 graviter
1307 2828 1446 2891 opprimere

390 2910 441 2942 non
453 2899 578 2955 verentur,
590 2894 616 2942 in
633 2893 773 2942 animarum
785 2909 888 2941 suarum
905 2894 1044 2956 periculum
1061 2899 1088 2941 et
1103 2893 1249 2942 scandalum
1267 2909 1296 2941 ac
1311 2907 1445 2955 gravamen

390 2959 564 3021 plurimorum.
601 2960 714 3019 Quorum
730 2958 834 3020 quidam
851 2958 998 3021 hujusmodi
1017 2963 1118 3007 extorta
1134 2974 1162 3006 so
1179 2957 1240 3006 alios
1255 2957 1370 3006 redditus
1386 2973 1445 3006 suos

391 3028 462 3071 extra
474 3023 597 3072 Diocesim
615 3028 734 3083 nostram,
746 3028 772 3071 et
789 3038 840 3071 non
853 3022 880 3071 in
898 3023 957 3071 locis
973 3023 1067 3086 quibus
1083 3028 1210 3082 tenentur,
1226 3023 1374 3085 expendunt
1384 3022 1445 3070 deli·

390 3094 450 3137 cum
462 3087 498 3137 Et
504 3088 564 3151 quia
570 3089 638 3151 quod
646 3088 766 3137 infirmari
773 3092 864 3150 potest,
874 3087 912 3136 vel
922 3088 1066 3151 vituperari,
1074 3087 1150 3136 debet
1158 3087 1444 3136 —Canonesuadeute—

390 3153 522 3216 precaveri,
551 3153 621 3202 vobis
643 3152 791 3201 mandamus
813 3152 840 3201 in
863 3153 958 3201 virtute
983 3153 1132 3210 obediencie,
1159 3152 1264 3200 tirmiter
1283 3151 1445 3214 injungentes

390 3218 510 3281 quatinus
521 3217 637 3267 omnibus
654 3217 840 3266 Archidiaconis
857 3218 949 3267 uostris
963 3218 1012 3266 sub
1028 3232 1092 3281 pena
1109 3217 1234 3266 canoniea
1246 3216 1402 3265 denuncietis
1418 3222 1445 3265 et

390 3282 536 3332 denunciari
546 3283 641 3331 faciatis
653 3283 721 3345 quod
737 3281 763 3330 in
775 3283 835 3331 locis
847 3283 939 3345 quibus
954 3284 1129 3345 astringuntur
1139 3282 1265 3330 resideant
1275 3286 1306 3328 nt
1316 3285 1443 3341 tenentur,

390 3347 499 3396 officium
522 3363 597 3396 suum
619 3348 758 3397 secuudum
781 3348 887 3396 lormam
909 3348 1040 3395 Cnnonum
1061 3346 1199 3409 impleturi,
1223 3350 1250 3394 ct
1269 3346 1301 3393 de
1326 3345 1374 3393 hiis
1395 3361 1445 3409 que

390 3412 521 3475 hucusque
540 3428 585 3475 per
602 3412 668 3475 ipsos
687 3417 714 3460 et
731 3426 789 3461 auce
809 3412 982 3460 ministeriales
1001 3412 1086 3461 minus
1105 3412 1209 3475 perinde
1227 3415 1315 3459 contra
1332 3410 1445 3460 Oenones

390 3482 446 3526 acta
457 3482 596 3526 noscuntur
612 3476 772 3534 satisfacturi,
793 3476 860 3525 siem
877 3476 1028 3527 (laconicam
1044 3477 1152 3539 elingere
1168 3476 1296 3525 voluerint
1311 3475 1443 3524 ulcionem.

390 3542 553 3592 Denuneieta's
564 3542 666 3606 insuper
682 3542 798 3590 omnibus
809 3541 918 3590 subditis
928 3541 1167 3591 Archidiaconorum
1178 3542 1290 3604 ipsorum
1304 3540 1372 3602 quod
1383 3555 1443 3587 cum

388 3608 421 3656 ad
448 3607 522 3683 ipsos,
550 3622 624 3656 cause
650 3606 816 3665 visitacionis,
840 3606 1027 3667 declinaverint,
1049 3606 1149 3655 eosdem
1172 3607 1312 3654 secundum
1336 3604 1444 3654 formam

389 3672 493 3721 concilii
512 3672 629 3721 decenter
650 3671 796 3732 admittant,
819 3672 898 3735 ipsam
921 3670 1066 3721 nullatenus
1088 3671 1236 3720 excedendo.
1279 3668 1443 3719 Denuncictis

387 3737 490 3800 insuper
503 3741 530 3787 et
545 3735 690 3786 denunciari
706 3736 806 3799 publice
822 3736 920 3785 faciatis
935 3735 1053 3785 omnibus
1063 3734 1172 3785 subditis
1186 3735 1278 3783 nostris
1294 3749 1380 3783 curam
1396 3750 1442 3783 seu

387 3802 632 3851 administuscionem
643 3800 854 3865 qualemcumque
865 3800 1023 3861 habentibus,
1035 3805 1067 3850 ut
1077 3801 1103 3849 in
1115 3815 1202 3849 eorum
1214 3800 1286 3859 cuda,
1299 3798 1398 3859 Officiis,
1416 3804 1445 3848 et

388 3866 517 3916 Beneficiis
536 3866 572 3916 sic
589 3882 615 3916 se
629 3866 720 3915 habere
735 3866 856 3915 studeant
875 3865 984 3915 universi
1001 3870 1032 3915 ut
1046 3865 1091 3915 soli
1111 3865 1165 3914 Deo
1180 3865 1213 3914 de
1230 3865 1324 3913 eudem
1340 3863 1445 3927 diguam

387 3932 487 3981 valeant
497 3932 601 3981 reddere
612 3931 741 3981 racionem.
777 3930 852 3993 Quid,
863 3946 929 3991 vero,
941 3946 1017 3994 super
1027 3930 1154 3994 premissis
1170 3929 1279 3979 feceritis
1289 3943 1334 3992 per
1345 3928 1443 3977 Literna

385 4002 481 4045 vestras
501 3997 627 4056 Pateutes,
645 3996 735 4045 harum
754 3996 844 4045 seriem
858 3994 1023 4054 continentes,
1040 3995 1103 4045 citra
1118 3996 1224 4045 Festum
1241 3992 1327 4043 Sancti
1342 3992 1444 4043 Hiilarii

385 4062 428 4123 (13
440 4062 508 4123 an.)
520 4061 631 4111 reddatis
642 4061 765 4110 cerciores.
800 4060 904 4118 Datum,
919 4057 1056 4110 ata-82¹2.

288 4204 297 4235 ¹
314 4206 355 4255 die
367 4206 458 4255 Sancte
470 4207 615 4268 Margarete,
627 4204 743 4268 Virginis
889 4202 900 4233 ‘
917 4168 1010 4267 Euhop
1022 4204 1176 4254 Grandiseou
1186 4204 1232 4253 has
1243 4203 1345 4253 mitten
1352 4201 1380 4252 in
1396 4202 1443 4252 the

287 4268 298 4300 ²
315 4271 398 4320 South
409 4272 520 4319 Tanton.
891 4270 988 4332 margin
1013 4270 1067 4319 :-“
1082 4271 1131 4318 Pro
1156 4268 1309 4318 Visitscione
1338 4266 1441 4316 Archis-

288 4334 299 4366 ³
316 4334 447 4451 {limfis
457 4335 571 4398 proxima
582 4340 639 4398 post
650 4334 755 4385 Festum
767 4334 838 4384 Beati
887 4335 1113 4450 ἓξὲηίιιωηι
1128 4332 1318 4384 Note-contra
1327 4332 1443 4384 Arcbidi·
