3242 5100
549 500 734 557 onnnnsn
756 500 893 555 nennx.
1236 479 1308 553 239

248 660 377 710 Fidehlrus
392 664 535 724 presentem
552 659 654 710 (tertam
664 658 823 723 inspecturis,
834 657 875 708 vel
885 658 1010 708 audituris
1021 657 1154 720 walterus,
1166 658 1214 708 Dei
1224 658 1306 722 gracia

248 725 398 775 tironiensis
413 725 560 789 Episcopus,
572 725 686 773 salntem
690 724 829 773 -Noverit
840 723 996 774 Universitas
1007 728 1091 773 vestm
1102 738 1147 773 nos
1159 723 1306 773 somnne

249 794 276 839 et
291 790 338 839 hec
349 790 460 853 presenti
471 790 547 841 certe
557 789 726 839 confirmasse
737 788 862 837 Willelmc
873 788 905 837 de
916 788 940 837 la
951 789 1031 851 Rupe,
1043 804 1088 851 prc
1099 788 1202 839 sersioio
1212 804 1266 848 suo,
1278 792 1305 837 st

249 854 343 917 Agneti
365 854 437 904 uxori
455 870 507 914 sue,
527 859 555 904 et
573 853 707 903 heredibus
723 853 785 903 dicti
804 851 921 903 Willelmi
937 853 969 901 de
985 868 1058 902 carne
1074 869 1118 903 sue
1140 852 1306 916 procreandis,

249 935 328 969 unam
342 920 500 983 mesuagium
515 924 542 968 et
556 934 635 968 unam
651 918 747 981 virgam
769 923 836 967 terre
858 933 908 982 que
924 922 1029 967 romtur
1047 917 1307 977 Steuekslaneslonda,

251 999 309 1033 cum
321 984 438 1033 omnibus
448 984 608 1048 pertinenciis
618 984 678 1043 suis,
690 999 767 1046 quam
783 982 896 1043 Matilda,
908 998 977 1031 soror
987 988 1014 1031 et
1025 982 1095 1031 heres
1106 980 1162 1031 Ade
1172 982 1308 1043 Auriiebri,

252 1049 327 1113 petiit
342 1064 418 1113 super
434 1064 487 1110 nos,
499 1050 526 1098 in
538 1048 615 1099 Curia
624 1053 711 1097 nostre
721 1048 754 1097 da
767 1048 905 1107 Ferndone
923 1062 967 1109 per
983 1048 1063 1096 Breve
1074 1048 1177 1097 Domini
1188 1048 1270 1111 Regis,
1281 1051 1309 1095 et

251 1114 306 1177 ipsa
317 1120 403 1177 postea
412 1118 498 1164 totum
513 1114 557 1177 jus
567 1117 595 1162 et
606 1113 725 1162 clamium
735 1113 805 1175 qnod
815 1112 843 1161 in
870 1112 965 1161 redicta
976 1117 1042 1161 terra
1058 1112 1154 1173 hebuit,
1168 1113 1207 1162 vel
1218 1112 1309 1161 habere

252 1180 344 1241 potuit,
362 1195 407 1241 pro
421 1195 449 1228 se
471 1184 499 1227 et
511 1178 650 1228 heredibus
660 1178 721 1236 suis,
743 1177 811 1226 dicto
863 1181 912 1226 .et
932 1177 958 1225 Δ.
976 1177 1113 1235 uxorisne,
1132 1182 1160 1227 et
1175 1176 1309 1226 heredibus

253 1241 1310 1371 ramesen

507 1345 514 1368 ἲ
880 1342 886 1366 i

253 1373 292 1421 W.
304 1378 332 1421 et
342 1373 372 1422 A.
384 1374 525 1433 uxorisne,
545 1378 573 1422 st
591 1372 726 1421 heredibus
744 1371 807 1420 dicti
827 1372 865 1420 W.
886 1386 917 1419 ex
936 1386 1009 1419 carne
1026 1387 1072 1421 sua
1092 1371 1257 1435 procreandis
1274 1371 1307 1420 de

253 1438 325 1486 nobis
342 1442 369 1486 et
385 1438 572 1487 Successoribos
594 1437 694 1498 nostra,
711 1436 795 1496 libere,
806 1436 911 1498 integre,
925 1436 1018 1499 quiete,
1035 1436 1105 1495 beno,
1117 1441 1144 1485 st
1154 1436 1180 1485 in
1197 1452 1256 1499 pase
1272 1435 1310 1485 in·

254 1506 406 1565 perpetuum
419 1519 426 1563 ;
454 1502 582 1551 reddendo
608 1502 668 1550 inde
694 1501 826 1551 annuatim
855 1500 926 1549 nobis
951 1506 978 1549 et
1005 1501 1192 1551 successoribus
1220 1500 1312 1551 nostris

254 1566 314 1629 iiijrr
329 1567 422 1616 solidos
437 1567 535 1630 argenti
547 1568 581 1616 ed
597 1568 701 1616 Festum
720 1565 806 1615 Sancti
820 1564 954 1624 Michnelis,
969 1580 1015 1627 pro
1029 1566 1146 1615 omnibus
1161 1566 1269 1615 serviciis
1284 1570 1312 1615 at

254 1632 478 1681 eonsuetudimtus
500 1636 527 1681 et
544 1631 697 1681 sacellaribus
716 1630 868 1690 demandis;
894 1630 962 1679 salvo
981 1630 1083 1679 servicio
1105 1630 1207 1679 Domini
1230 1630 1312 1693 Regis,

254 1702 380 1760 qnantum
397 1698 508 1759 pertinet
522 1697 555 1745 ed
571 1701 670 1745 tentam
686 1695 791 1744 liberam
801 1698 895 1743 terram
906 1695 938 1743 de
948 1695 1036 1743 eodem
1048 1694 1127 1745 ieodc.
1161 1696 1206 1756 Ut,
1218 1700 1312 1757 antem,

255 1761 302 1810 hec
323 1766 409 1811 nostra
433 1761 557 1810 concessio
579 1765 606 1810 st
627 1760 750 1825 presentie
772 1759 848 1809 Certe
866 1764 952 1809 nostm
971 1759 1127 1809 confirmacio
1145 1764 1200 1810 rate
1217 1761 1270 1809 sint
1287 1765 1314 1809 et

256 1826 358 1875 stabiles
379 1827 564 1889 inperpetuum,
582 1830 613 1875 ut
634 1826 776 1889 predictum
798 1828 845 1885 est,
863 1822 973 1887 presenti
996 1824 1070 1873 Carta
1091 1829 1176 1873 nostre
1203 1825 1314 1887 sigillum

256 1895 372 1939 nostnrm
382 1892 474 1953 epponi
483 1890 590 1940 iacimus
601 1907 608 1951 ;
624 1890 673 1939 hiis
681 1889 955 1949 Testibm-Dcminia
968 1889 1065 1938 'l'homa
1075 1889 1192 1951 Makarel,
1204 1890 1314 1939 Roberto

259 1955 291 2004 de
307 1956 445 2019 Poppham,
462 1955 605 2015 Militibus3
635 1955 742 2004 Ricardo
753 1955 785 2003 ds
795 1954 916 2015 Nortone,
929 1954 1034 2003 Ricardo
1044 1954 1076 2003 de
1086 1954 1111 2003 le
1122 1954 1240 2003 Wdecote
1252 1952 1314 2016 (sic),

256 2020 367 2071 Roberto
394 2021 426 2069 de
448 2020 575 2083 Berleghe,
602 2018 720 2069 iohanne
740 2019 765 2068 le
786 2019 857 2079 Poer,
880 2018 990 2068 Roberto
1017 2019 1118 2080 Mutun,
1147 2020 1255 2083 Hugona
1281 2020 1314 2067 de

257 2086 397 2199 gamardo
410 2085 471 2148 (aie),
481 2092 509 2136 et
518 2086 606 2136 multis
617 2084 809 2135 aliia-Datum
824 2084 893 2148 apud
904 2084 1043 2144 Ferndone,
1053 2084 1128 2134 Anno
1139 2089 1166 2134 et
1176 2086 1217 2135 die
1227 2098 1315 2148 supre-

279 2150 351 2211 'ctis;
368 2152 407 2201 23.

162 2230 246 2316 Rya,
261 2230 390 2295 Gilbert
405 2230 455 2308 de,
469 2231 545 2296 inst.
560 2235 596 2296 to
612 2228 843 2316 Gollumpton3
866 2231 918 2295 34.

160 2334 242 2419 Rye,
256 2334 381 2399 Robert
396 2333 445 2410 de,
459 2333 622 2400 admitted
637 2332 729 2400 Prior
744 2332 781 2400 oi
796 2332 844 2399 St.
861 2331 1027 2411 Nicholas,
1043 2332 1184 2414 Eneter3
1207 2336 1257 2399 25.

163 2631 348 2713 Sachville;
369 2652 417 2696 see
432 2631 525 2697 Sicca
539 2630 639 2710 Villa,
654 2630 703 2696 de.
731 2542 757 2610 S

165 2736 213 2802 St.
228 2734 452 2818 Allan-[See
467 2735 631 2821 Gargaul3
653 2738 715 2811 350,
727 2736 810 2819 etc}

207 2837 468 2903 -Oommission
492 2838 638 2904 directed
664 2839 719 2912 (15
747 2838 845 2916 Dec.,¹
876 2837 982 2920 1274),
998 2843 1033 2904 tc
1059 2837 1183 2905 Mester
1206 2840 1248 2905 H.
1276 2841 1317 2907 de

251 2925 343 2989 Belle
365 2924 416 3000 he,
435 2924 575 2990 Provost
596 2924 632 2989 of
653 2925 806 3010 Glesney,
830 2925 897 2990 and
919 2930 954 2990 tc
976 2925 1034 2991 the
1053 2925 1180 2992 Official
1203 2927 1239 2992 oi
1260 2927 1318 2993 the

251 2946 514 3077 Archisarmi
529 3010 703 3089 Oornwall,
718 3011 754 3075 in
769 3011 827 3076 the
843 3015 964 3076 matter
976 3013 1012 3078 of
1026 3013 1150 3077 certain
1166 3019 1318 3100 outrages

252 3096 443 3163 committed
467 3099 599 3182 against
625 3097 682 3163 the
707 3097 850 3176 Church,
868 3098 988 3164 within
1014 3099 1081 3164 this
1108 3099 1232 3178 Parieh,
1253 3100 1321 3166 and

254 3184 430 3248 elsewhere
445 3185 481 3247 in
496 3184 663 3249 Oornwall
675 3209 726 3248 :-

233 3287 391 3337 auctoritate
402 3287 505 3336 Domini
516 3286 703 3336 Cantueriensis
713 3287 905 3351 Archiepiscopi,
914 3287 1012 3338 Judicis
1023 3305 1067 3337 seu
1079 3289 1226 3339 Executcris
1237 3290 1324 3340 aSeds

265 3352 408 3414 Apostolica
434 3352 557 3414 deputati,
585 3353 735 3401 mandamus
762 3353 840 3412 robis,
863 3354 890 3401 in
914 3354 1009 3402 vincte
1039 3354 1189 3416 obediencie,
1217 3355 1323 3404 firmiter

266 3417 427 3479 injungentes
444 3417 565 3480 quatinus
584 3417 611 3465 in
627 3417 732 3479 singulis
752 3417 938 3466 Pnrochialibus
961 3418 1077 3467 Ecclesiis
1099 3419 1322 3470 Archidiaoonatus

266 3481 500 3542 eomubie,c1iebus
517 3481 654 3530 Dominicis
665 3487 692 3530 et
704 3483 817 3543 Festivis,
829 3481 895 3530 inter
911 3482 1044 3532 Missurum
1061 3484 1207 3547 sollempnia
1223 3485 1322 3548 puplice

266 3551 294 3594 et
303 3545 475 3608 sollempniter
485 3547 630 3595 denunciari
640 3547 737 3595 faciatis
753 3547 870 3596 omnibus
883 3547 932 3595 illis
949 3548 992 3610 qui
1008 3549 1034 3596 in
1047 3549 1156 3597 Ecclesia
1166 3553 1193 3597 et
1205 3549 1324 3598 Perochia

268 3611 354 3660 Sancti
374 3611 451 3659 eleni
467 3611 494 3658 in
512 3611 662 3674 Magistrum
678 3612 826 3672 dordanum,
843 3616 906 3660 tunc
922 3612 1132 3662 Archidiaconum
1149 3614 1281 3674 cornubie,
1299 3619 1326 3664 et

268 3676 330 3724 alios
341 3675 406 3723 viros
418 3676 601 3724 Ecclesiasticus
618 3691 707 3724 manus
723 3677 853 3739 sacrilegas
869 3676 1018 3739 injecerunt,
1030 3678 1140 3740 olimque
1151 3694 1192 3727 eos
1204 3679 1323 3728 dehones-

270 3745 368 3800 tarent,
385 3745 412 3789 et
428 3741 473 3804 qui
489 3740 636 3804 hujusmodi
652 3739 775 3802 sacrilegis
791 3741 974 3802 auctoritatem,
992 3742 1130 3804 eonsilium,
1150 3743 1280 3803 auxilium,
1300 3749 1327 3793 et

268 3805 399 3854 audaciam
425 3804 569 3854 comitivam
588 3805 751 3869 delinquendi
769 3807 943 3868 prestiterunt
986 3807 1059 3866 Item,
1078 3807 1194 3856 omnibus
1211 3807 1261 3856 illis
1280 3809 1325 3873 qui

270 3871 407 3919 discretum
424 3870 506 3918 virum
522 3869 671 3932 Magistrum
683 3871 825 3918 iohannem
836 3871 868 3918 de
880 3871 947 3931 Esse,
960 3871 1141 3922 Cancellarium
1152 3877 1179 3921 et
1190 3873 1327 3923 Officialem

269 3940 393 3995 nostrum,
405 3935 567 3984 commissum
582 3934 630 3983 sibi
647 3934 762 3984 Officium
778 3941 952 3998 exequentem,
965 3942 1091 4000 oeperunt,
1103 3937 1325 4001 incarceraverunt,

270 4004 297 4048 at
313 4001 411 4048 diucius
427 4004 566 4049 tenuerunt
581 3999 745 4063 captivatum,
757 4005 784 4048 et
795 4000 840 4062 qui
851 4015 910 4048 eum
921 4001 953 4050 de
969 4001 1060 4050 felonia
1077 4003 1201 4051 maliciose
1217 4003 1325 4067 appelle·

271 4069 339 4124 runt,
351 4064 437 4113 stillis
448 4080 557 4127 quorum
568 4065 725 4123 auctoritate,
740 4066 866 4124 mandato,
878 4081 922 4114 eeu
934 4071 1057 4128 precepto,
1069 4067 1188 4130 premissa
1204 4067 1326 4118 fecerunt

272 4129 346 4187 Item,
367 4129 484 4178 omnibus
503 4130 553 4178 illis
575 4130 620 4193 qui
641 4133 729 4178 contra
753 4130 890 4178 Ecclesiam
909 4131 1084 4191 Exonienssm,
1102 4147 1154 4192 noe,
1177 4137 1205 4180 et
1225 4131 1326 4182 clericos

271 4199 370 4242 nostros
391 4195 600 4257 conspiracionem
621 4210 666 4243 seu
691 4193 900 4257 conjuracionem,
927 4195 1070 4258 juramento
1097 4200 1124 4244 et
1145 4196 1268 4260 scripturn
1287 4197 1328 4246 lir-

273 4264 377 4318 matam,
403 4259 521 4308 inierunt.
562 4260 636 4321 Item,
655 4259 773 4308 omnibus
794 4259 844 4308 illis
867 4259 911 4322 qui
929 4259 1007 4322 nobis,
1026 4260 1170 4310 hominibus
1189 4266 1216 4310 et
1235 4261 1328 4312 clericis

194 4418 205 4450 ²
221 4419 262 4470 die
273 4418 376 4469 Sabbati
387 4417 501 4484 proxima
511 4423 570 4484 post
580 4419 685 4470 Festum
699 4419 790 4471 Sancte
802 4420 886 4482 Lucis,
897 4419 1116 4488 Virgine-apud
1128 4421 1314 4490 Ohuddeleghe.
