3242 5100
598 577 929 635 unumunurm.
1257 558 1331 641 217.

178 735 306 802 Ostord
315 761 323 817 ;
344 737 451 805 letter
464 738 562 825 froca
578 740 629 806 tae
643 739 858 825 Acclsbcslsop,
879 738 936 817 for
957 737 1008 804 lia
1030 736 1272 803 Malateacocc
1294 736 1333 824 of

263 824 498 911 tlaaPcicilepcs
516 826 590 892 ancl
610 826 803 912 Disciplina
818 825 857 912 of
874 824 925 891 aa
951 823 1212 911 finlanda:-

241 945 329 995 Frater
340 947 375 1009 [J.
389 947 533 1007 Peckham]‚
544 948 704 997 miseracione
720 947 813 996 Divina
823 946 1010 997 cantuariensis
1023 946 1238 1010 Archiepisoopus,
1246 946 1328 996 tocius

272 1012 363 1075 Anglie
379 1012 482 1073 Primas,
499 1013 597 1061 dilectis
613 1013 662 1061 sibi
678 1014 704 1062 in
721 1013 823 1061 Christo
840 1012 992 1061 Cancellario
1008 1016 1035 1059 et
1052 1010 1220 1060 Universitati
1236 1012 1326 1073 Marda-

272 1082 371 1126 trorum
392 1083 420 1126 et
441 1077 579 1127 Scolarium
605 1078 708 1137 Osonie,
731 1078 902 1126 Lincolnansis
929 1075 1047 1136 Dioeesis,
1070 1076 1185 1137 salutem,
1208 1076 1323 1139 graciam

273 1146 300 1189 et
311 1142 690 1202 benediccionem-Quatenus
700 1143 727 1189 in
738 1157 797 1205 agro
808 1142 960 1191 Scholastica
981 1140 1118 1203 Disciplina
1133 1141 1243 1190 Sciencie
1260 1157 1324 1207 mar7

273 1206 387 1268 garitam,
407 1222 458 1255 uon
475 1208 593 1256 inmerito
612 1222 663 1269 quo
681 1206 805 1270 posuimus
825 1207 909 1255 favore
928 1206 1109 1269 prosequimur,
1126 1220 1205 1267 eaque
1221 1205 1329 1255 libenter

273 1271 309 1318 eis
329 1272 488 1321 concedimus
507 1288 552 1334 per
568 1287 626 1334 qus,
646 1272 751 1320 materia
776 1276 904 1320 summota
930 1271 1087 1334 gravaminis,
1110 1270 1222 1333 ipsorum
1244 1274 1327 1320 status

272 1336 442 1397 tranquillitas
453 1342 618 1399 prosperetur.
655 1337 721 1385 Hinc
731 1341 771 1385 est
781 1336 857 1400 quod,
869 1337 959 1385 vestris
969 1335 1068 1384 devotis
1080 1335 1194 1397 precibus
1205 1335 1326 1397 inclinati,

272 1416 389 1462 personas
406 1408 501 1449 vestras
519 1417 577 1449 cum
596 1401 714 1450 omnibus
732 1401 804 1449 bonis
825 1401 857 1449 ad
879 1415 923 1450 vos
945 1400 1112 1449 communiter
1133 1399 1326 1461 pertinentibus,

272 1480 322 1527 que
341 1465 523 1528 presenciarum
542 1466 725 1532 racionabiliter
739 1466 878 1528 possidetis,
898 1470 944 1514 aut
958 1464 986 1513 in
1004 1464 1123 1513 futurum
1142 1465 1219 1528 justis
1238 1465 1326 1526 modis,

273 1535 401 1592 prestante
419 1531 533 1591 Domino,
556 1532 670 1593 poteritis
695 1530 806 1593 adipisci,
826 1529 874 1578 sub
894 1534 979 1577 nostra
996 1528 1152 1591 proteooione
1168 1528 1325 1592 suscipimus.

273 1595 424 1656 Specialiter,
452 1601 546 1655 autem,
574 1596 701 1644 libertates
728 1601 755 1642 et
781 1595 956 1643 immunitates
982 1594 1015 1643 ab
1043 1594 1178 1656 Episcopis,
1207 1594 1326 1657 Regibus,

273 1659 439 1721 Magnetibus,
457 1665 484 1708 et
499 1660 554 1708 aliia
571 1660 666 1709 Christi
682 1659 809 1708 Fidelibus
821 1659 892 1707 vobis
908 1659 955 1707 rite
972 1674 1103 1718 concessas,
1116 1658 1182 1707 sicut
1198 1674 1227 1707 ea
1243 1660 1327 1707 omnia

272 1724 341 1786 juste
352 1730 379 1772 et
395 1725 578 1773 racionabiliter
593 1726 719 1787 optinetis,
731 1724 809 1785 vobis,
824 1729 851 1772 et
866 1739 910 1787 per
924 1739 968 1772 vos
984 1723 1073 1772 vestris
1092 1723 1282 1783 successoribus,
1294 1725 1326 1773 de

273 1788 391 1837 Fratrum
402 1796 545 1838 nostrorum
557 1790 670 1837 unanimi
681 1790 716 1849 :et
733 1804 848 1852 expresso
866 1804 995 1848 consensu,
1007 1787 1156 1837 auctorItate
1167 1788 1326 1837 Prusensium

273 1852 467 1915 confirmamus,¹
483 1859 510 1902 et
526 1855 647 1918 presentis
664 1854 757 1917 Scripti
771 1853 908 1916 patrocinio
925 1852 1116 1901 communimus
1150 1852 1192 1901 Ad
1202 1853 1255 1913 hec,
1268 1854 1327 1917 quia

272 1918 442 1967 intelleximus
464 1921 533 1982 quod
551 1934 603 1967 non
624 1919 696 1976 nulli,
715 1919 815 1983 proprio
836 1918 925 1967 salutis
946 1918 1113 1977 immemores,
1135 1933 1201 1978 cum,
1224 1924 1327 1981 propter

272 1983 364 2032 denen
380 1983 407 2031 in
430 1983 600 2033 Universitate
622 1984 757 2033 Osoniensi
778 1988 928 2046 perpetrata,
952 1982 1126 2045 suspensionis
1154 1981 1194 2031 vel
1221 1983 1325 2032 Excom·

273 2048 451 2097 munieacionis
462 2049 601 2097 &utendis
618 2064 663 2112 per
680 2047 861 2097 Cancellarium
879 2046 1056 2097 Universitatis
1075 2047 1160 2109 ipsius,
1173 2047 1212 2096 vel
1223 2048 1327 2097 ludices

273 2112 401 2161 inferiores
423 2114 558 2175 deputatos
579 2114 612 2162 ab
633 2129 670 2173 eo,
690 2113 730 2161 vel
751 2129 796 2175 per
817 2113 899 2175 ipsum
921 2112 1102 2161 Cancellarium
1122 2126 1250 2161 unacum
1272 2118 1328 2162 tota

274 2178 444 2253 Universitste
455 2179 606 2253 quandoque
621 2178 731 2226 solorum
741 2178 892 2239 regensium,
905 2177 1056 2253 quandoque
1072 2177 1214 2252 regensium
1233 2182 1260 2225 et
1276 2192 1328 2227 non

274 2242 1186 2369 {testtnltrlstlttttttctttttlttttttt
1196 2243 1327 2369 iiiiii

274 2372 408 2432 firmitatis,
425 2371 543 2435 quociens
559 2386 611 2433 nos,
628 2372 668 2422 vel
689 2373 788 2421 Fratres
804 2371 891 2432 nostri,
909 2387 985 2435 super
1006 2371 1053 2419 hoc
1074 2386 1090 2419 a
1111 2371 1181 2419 vobis
1203 2371 1327 2433 legittime

273 2437 396 2485 fuerimus
407 2437 521 2500 requisiti
532 2438 600 2499 quod
611 2438 768 2500 paruos,ch
781 2438 881 2485 Fratres
892 2442 998 2495 nostros,
1010 2436 1049 2485 vel
1061 2451 1147 2484 eorum
1159 2435 1288 2493 Officiales,
1299 2436 1327 2486 in

273 2506 359 2552 noan-a
370 2502 499 2551 Provincia
509 2502 651 2552 execucioni
667 2502 859 2562 demandentur,
869 2502 900 2551 de
917 2516 1032 2565 expresso
1043 2505 1070 2548 et
1080 2500 1193 2549 unanimi
1205 2516 1327 2552 consensu

274 2567 393 2616 Fratrum
414 2572 558 2616 nostrorum
584 2568 663 2629 vobis,
683 2573 771 2616 mucre
797 2567 964 2627 Presencium,
987 2567 1153 2629 indulgemus
1199 2566 1326 2628 volentes,

272 2631 381 2695 insuper,
398 2632 577 2694 tranquillitati
593 2637 677 2682 vestro
694 2631 797 2681 uberius
814 2632 949 2696 providere,
962 2635 993 2681 ut
1008 2635 1092 2680 vestra
1109 2632 1283 2680 Communitas
1298 2633 1326 2681 in

273 2697 390 2745 futurum
401 2697 428 2745 in
440 2703 510 2746 statu
521 2713 638 2760 prospero
649 2702 676 2746 et
686 2696 823 2760 tranquillo
832 2696 914 2745 valeat
924 2696 1064 2758 gubernari,
1073 2695 1143 2744 vobis
1160 2697 1325 2757 concedimus,

273 2767 301 2809 et
321 2763 354 2810 de
371 2777 486 2824 expresso
504 2767 531 2811 et
549 2762 663 2811 unanimi
679 2775 803 2811 consensu
827 2762 945 2810 Fratrum
969 2765 1112 2809 nostrorum
1134 2760 1278 2810 ordinamus
1300 2767 1327 2810 et

272 2827 417 2887 statuimus,
430 2831 466 2886 ut,
478 2827 500 2875 si
516 2827 561 2890 qui
578 2827 666 2887 cleriei,
678 2827 705 2875 in
724 2831 810 2876 nostra
829 2825 959 2874 Provincia
976 2825 1123 2887 beneficiati,
1136 2825 1176 2873 die
1191 2831 1237 2874 aut
1253 2830 1327 2875 nocte

272 2891 370 2940 inventi
385 2891 482 2940 fuerint
505 2893 532 2940 in
555 2890 622 2954 pacis
641 2891 858 2954 perturbacionem
876 2905 946 2938 mma
965 2888 1112 2949 deferentes,
1128 2890 1169 2938 vel
1185 2890 1325 2952 tranquilli·

272 2961 353 3004 tetam
371 2956 450 3019 ipsius
470 2956 647 3006 Universitatis
665 2972 710 3019 per
726 2957 832 3005 modum
851 2955 929 3004 alium
948 2955 1132 3018 perturbantes,
1144 2959 1171 3002 et
1187 2970 1262 3018 super
1279 2955 1326 3004 hoc

164 3073 169 3079 ,
272 3021 382 3069 convicti
401 3021 498 3070 fuerint
519 3021 657 3084 legienma,
675 3037 721 3070 seu
741 3037 786 3084 per
807 3035 895 3069 eorum
917 3020 1004 3083 fugam
1020 3019 1190 3082 presumptive
1212 3019 1326 3082 confessi,

272 3087 341 3148 quod
351 3101 439 3134 eorum
449 3086 574 3135 &noticia
584 3087 610 3134 in
621 3086 738 3135 manibus
756 3085 914 3134 Prolatorum
932 3100 1036 3134 snorum
1053 3085 1086 3132 ad
1105 3084 1325 3135 denunciaciouem

272 3150 418 3200 cancellarii
444 3150 584 3199 faciendam
612 3151 673 3214 ipsis
700 3150 829 3213 Episcopis
859 3149 907 3198 sub
934 3149 1013 3214 ipsius
1040 3149 1217 3199 Universitatis
1244 3150 1325 3212 sigillo

271 3214 406 3275 mmmuni,
428 3231 473 3276 per
494 3215 633 3265 tdennium
659 3219 857 3278 monstrentur,
877 3219 904 3263 et
930 3215 962 3263 de
990 3213 1116 3264 fructibus
1143 3213 1324 3264 Beneficiorum

271 3279 419 3343 hujusmodi
432 3279 596 3343 percipiendis
610 3280 713 3329 interim
731 3280 771 3329 vel
791 3279 921 3342 perceptis,
938 3278 989 3328 leso
1006 3278 1045 3327 vel
1061 3279 1126 3340 lesia,
1138 3295 1182 3343 per
1199 3279 1325 3328 convictos

271 3345 311 3393 vel
329 3344 453 3393 confessos
472 3350 518 3393 eut
534 3344 654 3408 fugitivos
671 3345 820 3408 hujusmodi
835 3344 958 3407 legittime
974 3343 1086 3393 satisfiat
1121 3345 1195 3405 Quod
1210 3344 1231 3392 si
1246 3345 1324 3393 Bene·

271 3409 357 3458 ficium
373 3409 574 3458 Fcelesiasticum
591 3425 642 3458 non
660 3409 801 3470 habuerint,
822 3423 866 3472 per
882 3409 1084 3472 quinquennium
1101 3409 1134 3458 ad
1155 3409 1325 3472 recepcionem

271 3474 452 3523 Beneficiorum
474 3475 703 3524 Ecclesiasticornm
725 3474 848 3523 inhabiles
867 3474 1016 3534 habeantur,
1034 3473 1084 3522 nisi
1102 3473 1160 3522 lasis
1179 3474 1212 3522 ab
1231 3474 1325 3523 eisdem

271 3538 373 3587 interim
399 3539 566 3588 satisfecerint
593 3544 770 3602 competenter,
794 3543 822 3587 et
843 3537 951 3601 graciam
979 3535 1159 3587 Universitatis
1187 3538 1325 3587 meruerint

271 3603 400 3666 optinere3
416 3603 485 3652 fama
494 3619 582 3653 eorum
592 3604 756 3652 nihilominus
772 3609 831 3666 post
846 3603 1042 3652 satisfaccionem
1058 3603 1156 3666 integra
1172 3607 1323 3654 conservata.

270 3669 335 3716 -ln
352 3683 461 3731 qnorum
480 3669 594 3718 omnium
613 3669 788 3718 testimonium
809 3669 920 3730 sigillum
942 3671 1064 3728 nostrum,
1084 3683 1135 3716 una
1156 3682 1215 3716 cum
1236 3667 1325 3731 sigillis

270 3734 390 3782 Fratrum
411 3736 555 3782 nostrorum
574 3733 737 3796 presencium,
756 3732 816 3780 huic
832 3733 930 3796 scripto
946 3737 986 3782 est
1005 3733 1326 3796 appensum—Datumin

270 3798 380 3848 Gondlio
391 3803 484 3858 nostm,
495 3799 565 3861 apud
575 3799 694 3861 Radiuga,
706 3798 724 3863 ij
737 3798 864 3846 Kalendas
874 3797 985 3860 Augusti
1001 3796 1042 3858 [31
1055 3796 1071 3846 J
1074 3795 1136 3860 uly],
1147 3797 1222 3846 Anno
1236 3797 1324 3848 Gracia

269 3861 315 3912 M0.
337 3861 397 3912 00⁰.
415 3863 603 3926 septuagesimo
620 3877 705 3922 nono;
730 3859 922 3912 aaa-Prinne
938 3862 966 3910 in
982 3861 1095 3911 wilkins
1114 3862 1231 3923 comta,
1247 3862 1271 3914 ii.
1291 3864 1323 3913 89

271 3927 347 3990 (from
359 3929 417 3991 Bag,
432 3928 535 3990 (lifiard¹
547 3928 665 3991 Wigorn,
676 3927 718 3977 fol
732 3927 780 3988 92)

172 4033 312 4111 Oxford,
326 4033 437 4100 Friars
452 4033 576 4101 Minora
591 4034 636 4112 ol,
649 4055 698 4102 sce
713 4033 940 4114 Pouchardou,
955 4033 1102 4102 William
1117 4034 1178 4114 de;
1200 4031 1265 4101 59¹³.

171 4328 181 4361 ¹
197 4329 376 4380 &manebas
385 4329 489 4380 written
498 4330 526 4379 in
536 4329 581 4379 the
591 4327 696 4394 margin,
707 4327 774 4391 bera
785 4328 831 4379 tbe
841 4327 923 4379 words
935 4327 950 4354 '¹
957 4344 1002 4392 prc
1012 4327 1100 4378 Pace.''

171 4393 183 4427 ¹
199 4395 306 4446 Wilkins
313 4395 377 4445 adds
387 4394 404 4421 “
411 4399 457 4444 sut
467 4395 540 4454 rite,’'
552 4395 616 4446 here.
