3242 5100
315 555 359 624 18
755 576 1031 630 vnnnnersrns

316 729 437 791 Obliyccio
449 728 623 778 Memorem
635 726 684 779 :¹-

346 795 421 842 Anno
433 796 527 854 eodem,
540 795 676 855 londonie,
688 795 735 844 Die
747 795 878 844 Dominics
886 795 999 858 proxime
1009 802 1068 844 onte
1079 796 1183 846 Festum
1196 797 1370 846 conversionis
1382 797 1471 846 Sancti

316 860 388 908 Psuli
400 860 442 921 [23
453 861 518 919 Jen,
532 858 643 922 1277-8]‚
655 861 732 910 exivit
745 861 829 910 Liters
846 861 895 910 sub
905 861 952 909 hcc
962 862 1043 909 forms
1055 862 1222 911 :-Unirersis
1233 868 1361 926 presentes
1373 863 1472 911 Literas

315 925 464 988 inspecturis
476 924 609 984 Wolterus,
621 926 669 974 Dei
684 927 767 988 grecis
777 926 926 975 Exoniensis
938 925 1084 990 Episcopus,
1100 927 1209 976 mlutem
1219 927 1245 976 in
1258 928 1367 976 Domino
1377 928 1470 990 sempi-

316 989 564 1040 ternum-Noverit
575 990 731 1040 Universitos
743 995 826 1040 vestre
836 1006 888 1050 nos,
900 991 1001 1039 nomine
1008 996 1127 1040 nostroet
1135 992 1243 1041 Ecclesie
1254 997 1339 1041 nostre
1350 993 1472 1055 predicte,

318 1059 409 1104 mutuo
420 1055 539 1117 recepisse
550 1059 578 1104 et
588 1055 704 1105 habuisse
715 1056 742 1104 in
759 1056 869 1105 Civitste
886 1055 1060 1116 Londonicnsi,
1071 1057 1113 1105 die
1129 1057 1293 1106 conieccionis
1304 1057 1473 1120 presencium,

318 1119 458 1169 sDnrscio
479 1120 638 1197 liubertinet
654 1121 751 1198 Jscobo·
767 1120 859 1198 decidi,
878 1120 1034 1197 solventibus
1047 1126 1075 1169 et
1091 1122 1282 1198 numersntibue
1305 1127 1359 1170 tum
1379 1139 1425 1185 pro
1444 1139 1472 1170 ee

318 1185 1235 1314 ggggrmgmnssrglfflsleffifimnrgffingegmnffissfflmuffieeei
1245 1192 1359 1315 qoddttddi
1365 1202 1474 1300 dm

319 1332 364 1380 pro
375 1316 487 1379 quelibet
504 1331 585 1364 merce
602 1314 832 1379 computetis-pro
847 1316 939 1365 nostris
956 1322 983 1364 et
999 1315 1108 1364 Ecclesie
1127 1322 1212 1366 nostre
1231 1316 1328 1380 mugnis
1343 1322 1370 1366 et
1388 1316 1474 1366 nouis

320 1381 426 1445 negociis
437 1385 464 1430 et
473 1381 591 1443 gravibus
602 1381 792 1430 necessitatibus
804 1381 901 1430 utiliter
912 1381 1080 1444 expediendis.
1114 1381 1153 1430 De
1163 1381 1257 1444 quibus
1268 1387 1372 1430 centum
1383 1381 1474 1430 murcie

320 1447 383 1495 bene
395 1461 512 1494 vocemus
523 1461 568 1494 nos
579 1445 665 1509 quiete
675 1450 702 1494 st
717 1445 813 1508 integre
829 1451 999 1508 protestamur
1012 1462 1058 1495 nos
1069 1462 1122 1494 esse
1139 1451 1259 1508 pnctutos,
1270 1446 1412 1510 excepcioni
1423 1461 1475 1495 non

321 1515 458 1569 numerate,
471 1525 521 1558 non
532 1509 621 1570 solute,
633 1515 660 1559 st
667 1525 718 1559 uon
726 1510 820 1560 tradite
828 1511 895 1559 dicte
902 1511 1006 1574 pecunie
1017 1511 1120 1574 penitus
1130 1517 1157 1560 et
1164 1527 1280 1575 expresse
1290 1511 1473 1561 mnunemtes

321 1576 388 1635 Ques
399 1575 501 1638 quidem
513 1579 615 1624 centnm
627 1590 721 1624 merces
733 1575 918 1639 sterlingorum,
926 1575 1038 1638 predicto
1045 1575 1120 1624 modo
1130 1581 1158 1626 et
1168 1592 1273 1626 numero
1284 1577 1474 1640 computandus,

321 1640 421 1690 nomine
443 1644 535 1698 nostro,
562 1639 670 1690 lieelesie
689 1645 781 1701 nostre,
806 1645 834 1689 et
856 1645 1042 1689 enmessonrm
1069 1645 1220 1703 nostmrum,
1248 1641 1422 1706 promittimus
1446 1647 1475 1690 et

321 1711 438 1754 tenemur
448 1720 492 1768 per
503 1705 655 1768 legittimum
666 1705 856 1769 stipulacionem
873 1705 976 1754 reddere
993 1709 1019 1754 et
1034 1706 1129 1755 solvere
1140 1705 1215 1756 dictis
1231 1706 1420 1766 mercatoribus,
1432 1706 1473 1754 vel

320 1771 366 1819 uni
385 1785 479 1828 eorum,
503 1774 549 1819 sut
568 1784 654 1818 eorum
674 1771 766 1819 nuncio
783 1770 828 1820 hss
849 1769 945 1818 Literss
964 1770 1095 1830 deferenti,
1120 1786 1136 1818 e
1153 1772 1188 1820 ud
1207 1771 1310 1820 Novum
1331 1771 1474 1834 Templum,

322 1835 457 1897 Londonie,
474 1834 506 1883 sd
524 1835 629 1884 Festum
645 1835 824 1884 Pentechostes
844 1835 958 1898 proximo
976 1839 1113 1883 venturum
1132 1787 1158 1899 ii>
1176 1835 1263 1897 Junel,
1283 1837 1356 1884 Anno
1372 1835 1475 1884 Domini

321 1899 486 1949 M⁰cc0lxx⁰
495 1903 589 1960 ootsvo,
599 1899 668 1960 bene,
678 1899 887 1962 fideliter,etsine
901 1899 1013 1948 ulteriori
1020 1898 1146 1948 dilacione
1179 1900 1253 1959 Quod
1267 1901 1290 1949 si
1304 1901 1330 1949 in
1348 1900 1475 1950 solucione

320 1963 388 2013 dicte
399 1964 510 2027 pecunie,
527 1965 636 2013 termino
652 1964 882 2027 antedicto-quod
898 1964 1167 2023 obsit-deiecerimus,
1184 1965 1357 2028 promittimus
1368 1970 1396 2014 et
1405 1971 1475 2014 tene·

321 2045 386 2088 mur,
398 2028 499 2077 nomine
511 2033 604 2090 nostro,
617 2029 725 2078 Ecclesie
737 2033 829 2091 nostre,
842 2033 869 2078 st
885 2044 1055 2078 suceessorum
1067 2034 1218 2091 metrorum,
1229 2034 1257 2078 et
1267 2046 1312 2092 per
1322 2030 1477 2080 antedictum

319 2094 517 2158 stipuleeionem,
543 2093 675 2143 rshrnders
700 2099 726 2144 et
753 2099 893 2143 reetsursre
919 2094 1013 2142 eisdem
1034 2093 1214 2142 mercatoribus
1238 2095 1323 2144 omnis
1356 2096 1475 2159 dampna,

321 2160 449 2216 interesse,
461 2163 488 2208 et
499 2174 627 2221 expensos,
639 2174 688 2222 que
703 2163 729 2208 st
746 2175 809 2222 ques
826 2159 1000 2218 sustinuerint,
1013 2158 1125 2220 fecerint,
1142 2158 1182 2208 vel
1198 2160 1356 2221 incurrerint
1374 2175 1476 2223 quoquo

321 2224 403 2285 medo,
422 2224 450 2273 in
470 2223 566 2287 judicio
584 2223 635 2273 sive
654 2229 733 2280 extre,
754 2239 798 2286 pro
817 2223 918 2272 deiectu
940 2223 1073 2272 solucionis
1095 2224 1200 2287 pecunie
1221 2225 1354 2274 antedicta,
1395 2226 1478 2288 Super

321 2289 414 2353 quibus
424 2289 542 2338 volumus
553 2294 581 2339 st
596 2288 768 2352 promittimus
784 2289 885 2337 credere
901 2288 995 2337 eisdem
1012 2289 1198 2350 morosioribus,
1209 2289 1250 2339 rel
1267 2291 1311 2338 uni
1323 2305 1417 2350 eorum,
1429 2295 1476 2339 eut

322 2371 409 2404 eorum
420 2354 519 2416 nuncio,
531 2369 576 2417 per
587 2353 693 2417 simplex
709 2353 816 2405 verbum
829 2369 905 2402 suum
915 2357 1026 2414 mnium,
1038 2353 1091 2402 sine
1105 2354 1258 2417 juramento,
1268 2354 1363 2418 ubsque
1373 2354 1477 2403 ulterius

321 2437 395 2470 ouere
417 2419 576 2482 probscionis
611 2418 653 2468 Ad
672 2433 722 2482 que
738 2418 823 2467 omniu
839 2423 866 2468 et
880 2419 981 2481 singule
997 2417 1103 2466 firmiter
1118 2422 1146 2467 et
1161 2419 1270 2468 fideliter
1285 2417 1440 2468 enervanda
1450 2425 1478 2467 et

321 2485 480 2547 adimplendo
491 2483 628 2546 obligemus
645 2483 680 2532 eis
690 2499 743 2544 nos,
762 2483 898 2532 Ecclesium
914 2489 1034 2543 nostrum,
1051 2488 1078 2532 ct
1094 2499 1253 2544 successores,
1266 2488 1293 2532 st
1308 2483 1393 2533 omnis
1410 2484 1477 2532 bons

321 2556 414 2611 nostre,
437 2547 546 2599 Eoelesie
569 2554 660 2611 nostre,
684 2554 712 2599 et
730 2564 901 2599 successorum
923 2554 1066 2598 nostrorum
1088 2547 1190 2597 mobilis
1211 2554 1238 2598 et
1257 2549 1400 2610 immobilis,
1424 2553 1478 2597 tem

322 2614 494 2665 Ecclesiastico
516 2630 593 2677 quein
613 2615 748 2676 mnndum,
772 2614 899 2677 presencie
921 2619 949 2663 et
966 2615 1061 2673 future,
1082 2614 1234 2677 ubicumque
1252 2615 1348 2664 fuerint
1366 2614 1478 2674 invente,

322 2680 396 2729 dictis
407 2679 592 2739 mercatoribus,
605 2684 631 2727 et
645 2694 732 2729 eorum
743 2680 885 2740 heredibus,
897 2695 942 2742 pro
958 2695 1004 2727 sus
1018 2680 1150 2728 volnntste
1160 2679 1279 2743 cupiendo
1296 2685 1322 2728 et
1339 2679 1478 2739 retinendo,

321 2747 400 2795 donec
422 2745 515 2793 eisdem
533 2744 718 2803 mercatoribus,
740 2745 779 2793 vei
797 2744 843 2793 uni
859 2759 954 2801 eorum,
978 2748 1024 2792 sut
1042 2759 1129 2792 eorum
1149 2745 1248 2803 nunde,
1268 2760 1343 2807 super
1360 2745 1479 2792 omnibus

322 2810 449 2874 premissis
465 2810 623 2857 satisfactum
640 2810 718 2858 fuerit
734 2810 766 2858 ud
782 2809 894 2873 plenum
929 2808 1114 2857 Renuncicntes
1130 2808 1157 2856 in
1174 2809 1301 2872 premissis
1317 2809 1436 2858 omnibus
1452 2814 1480 2857 et

323 2876 426 2938 singulis
450 2891 494 2938 pro
514 2876 592 2933 nobis,
613 2874 721 2923 Ecclesia
739 2878 833 2933 nostre,
853 2878 880 2921 et
897 2873 1079 2922 suecessoribus
1097 2873 1197 2934 nostris,
1216 2874 1286 2923 omni
1304 2874 1368 2937 juris
1385 2874 1480 2922 auxilio

322 2947 350 2989 et
365 2940 475 2989 remedio
493 2939 611 2988 (laconici
631 2944 658 2988 et
678 2937 772 2999 Civilis,
792 2938 921 3002 privilegio
939 2938 1030 2986 milicie
1047 2942 1075 2987 et
1093 2938 1150 2999 tori,
1170 2938 1239 2987 omni
1257 2938 1434 2988 consuetudini
1453 2944 1481 2987 et

323 3009 427 3063 ststuto,
448 3004 564 3052 omnibus
583 3004 674 3052 Litoris
694 3003 843 3066 Apostolicis
861 3008 888 3052 et
905 3003 988 3065 Regiis
1006 3003 1147 3066 impetretis
1165 3008 1192 3052 et
1209 3003 1379 3079 impetrandis,
1400 3004 1478 3065 Regis

324 3069 498 3128 Prohibicioni,
516 3068 637 3118 Judioum
653 3068 827 3128 Conveucioni,
848 3068 1032 3118 constitucioni
1054 3069 1086 3117 de
1100 3068 1199 3117 duobus
1219 3068 1301 3117 Dretis
1319 3070 1346 3117 in
1367 3068 1480 3118 Concilio

325 3134 446 3194 Generali,
464 3140 490 3183 et
506 3134 624 3183 omnibus
642 3133 696 3182 eliis
713 3133 910 3197 excepcionibus,
926 3132 1033 3195 juribus,
1055 3138 1082 3182 et
1096 3133 1290 3194 defensionibus,
1308 3134 1480 3196 porsonslibus

324 3204 351 3248 et
367 3198 483 3259 realibus,
500 3214 549 3261 que
563 3198 642 3258 nobis,
660 3198 767 3247 Ecclesie
783 3202 876 3259 nostre,
892 3204 919 3246 et
932 3197 1115 3246 successoribus
1131 3198 1223 3247 nostris
1237 3204 1340 3261 possent
1355 3199 1480 3261 prodesse,

323 3263 434 3313 etdictie
451 3264 637 3320 mercatoribus,
655 3263 694 3311 vel
714 3263 759 3311 uni
776 3279 871 3323 eorum,
890 3268 936 3311 sut
952 3278 1039 3311 eorum
1056 3262 1148 3311 nuncio
1164 3263 1250 3312 obesse
1265 3279 1309 3312 seu
1327 3279 1422 3322 nocere,
1439 3264 1480 3311 vel

324 3345 374 3393 que
395 3329 459 3377 obici
476 3329 572 3391 possint
588 3333 675 3377 contre
691 3328 811 3391 premisse
832 3334 879 3377 cut
894 3328 992 3391 opponi
1027 3328 1151 3377 Volumus
1167 3328 1245 3377 θοίιιιιι
1261 3344 1336 3391 super
1353 3328 1480 3392 premissis

324 3394 441 3442 omnibus
452 3398 479 3441 et
495 3392 599 3454 singulis
612 3409 628 3441 ιι
638 3392 713 3442 dictis
730 3393 915 3454 mercstoribus,
928 3392 969 3440 vel
984 3392 1017 3441 sb
1029 3408 1079 3441 uno
1095 3408 1190 3455 eorum,
1209 3399 1255 3441 eut
1273 3408 1360 3441 eorum
1379 3393 1480 3453 nuncio,

324 3458 477 3521 ubicumque
497 3458 608 3506 leonum
627 3457 703 3507 libere
724 3458 850 3508 conveniri
867 3462 896 3507 et
911 3458 942 3507 sd
961 3457 1086 3521 judicium
1108 3458 1182 3508 trebi
1219 3458 1250 3507 In
1266 3458 1340 3521 cujus
1356 3458 1392 3507 rei
1408 3458 1480 3506 testi·

326 3522 439 3572 monium
451 3527 515 3612 etc3
533 3524 571 3573 84.
629 3585 643 3612 1
807 3584 822 3611 1
985 3590 1000 3617 ι

360 3654 468 3717 Olergy;
484 3652 552 3702 their
563 3652 761 3766 fnon-residente,
779 3652 907 3717 plurulity,
924 3652 1024 3717 luxury.
1042 3657 1088 3702 etc
1101 3668 1108 3711 3
1123 3652 1255 3716 Episcopnl
1272 3651 1420 3701 Lsttersior
1436 3650 1482 3700 the

326 3720 463 3769 correction
475 3719 561 3767 thereo
584 3744 613 3753 -

357 3787 432 3833 Anno
443 3786 538 3843 eodem,
550 3756 617 3846 apud
636 3782 714 3847 (llyst,
732 3780 759 3828 1⁰
777 3781 903 3831 Kalendas
920 3782 1007 3831 llsrcii
1024 3782 1066 3842 [20
1085 3782 1155 3843 Feb,
1176 3780 1285 3842 1277·8],
1302 3780 1382 3830 exivit
1397 3782 1483 3830 litere

326 3851 375 3898 sub
386 3850 433 3897 buc
450 3849 530 3897 forms
544 3848 715 3907 :--ll'ulterus,
733 3846 781 3894 Dei
797 3848 881 3909 grecie
901 3847 1048 3895 Exonicnsie
1066 3847 1211 3910 Epiempue
1225 3847 1317 3896 dilecto
1329 3845 1381 3894 filio
1392 3846 1480 3895 Ambi-

326 3916 429 3963 dinoono
440 3912 567 3961 Tottonie¹
580 3914 696 3973 sulutem,
708 3911 824 3974 greciam,
842 3916 869 3959 et
880 3911 1087 3960 benediccionem.
1122 3912 1188 3961 Cum
1199 3912 1281 3961 Officii
1296 3911 1376 3960 nostri
1386 3912 1483 3959 snrcins

326 3984 398 4028 tsnte
409 3978 482 4027 molis
491 3978 599 4041 pondere
611 3982 708 4041 premet
718 3980 750 4025 ut
760 3975 801 4025 die
819 3981 946 4038 noctuque
958 3992 1018 4025 cure
1029 3976 1143 4039 pervigili
1153 3975 1283 4038 diligencie
1293 3976 1330 4025 illi
1341 3975 1427 4024 debite
1438 3976 1483 4024 vix

327 4040 436 4093 sufficiat
448 4042 513 4092 tsnti
529 4044 610 4090 oneris
622 4056 763 4105 pressurum
779 4040 901 4101 ellevirue,
913 4046 1039 4090 crescente
1054 4056 1164 4104 nomque
1175 4041 1267 4105 popule
1278 4041 1367 4091 crescit
1377 4040 1484 4101 melicis,

329 4205 410 4255 ἱἸἾιιι
421 4207 490 4255 word
502 4206 517 4231 “
525 4204 722 4255 Mercatorebrc”
739 4220 788 4254 was
799 4204 882 4254 added
961 4221 1009 4267 pro
1041 4204 1247 4254 Arclidiueonatu
1282 4204 1397 4263 Eme?
1432 4205 1485 4253 end

361 4272 396 4335 by
413 4271 506 4333 Bishop
519 4272 678 4320 Gmndisson.
966 4271 981 4294 “
990 4270 1111 4332 Magistro
1127 4270 1223 4319 Thome
1239 4270 1271 4318 de
1289 4268 1421 4329 Boclonde‚
1437 4282 1486 4332 pto

329 4336 340 4367 ¹
356 4336 409 4385 Tne
420 4336 471 4385 like
483 4336 570 4385 Letter
586 4352 637 4385 vves
653 4334 773 4393 directed,
793 4339 821 4383 st
837 4334 882 4383 the
964 4334 1213 4385 Archidisconetibue
1230 4335 1348 4385 Tottonie
1363 4338 1391 4384 et
1405 4334 1486 4383 Bern-

362 4416 429 4450 ssme
445 4401 516 4463 time,
534 4399 737 4452 “Archidieeono
756 4400 882 4453 cornubie
964 4400 1101 4464 sstepolie;
1119 4401 1157 4452 85.
