3242 5100
300 585 321 660 6
650 599 861 662 renconis
887 599 1102 662 nnorsrnns.

299 761 557 848 Kingsteignton
568 785 620 826 :-

333 881 444 930 Ocrtcde
460 881 652 932 Prebendecicne
668 881 768 932 Ecdecie
784 881 814 931 de
832 881 946 945 Teynton,
965 897 1020 931 cnm
1038 882 1149 932 Ecclesiis
1167 889 1189 931 et
1214 882 1318 945 capelle
1332 888 1354 930 et
1369 895 1452 929 earnm

295 945 452 1009 pertinenciis
465 947 628 996 2-0mnibus
649 947 742 996 christi
765 947 882 996 fidelibus
901 948 934 996 cd
953 963 1016 1009 quos
1032 964 1134 1010 presens
1156 947 1284 1010 Scriptum
1309 945 1452 1008 pervenerit

300 1010 442 1060 Willelrnus
453 1011 589 1072 [Briwere],
602 1012 693 1060 Divina
700 1012 860 1061 miseracione
867 1012 1015 1061 Exoniensis
1023 1013 1168 1076 Episcopus,
1177 1013 1286 1061 salutm
1297 1012 1323 1060 in
1335 1009 1450 1059 Domino.

301 1076 405 1124 Noverit
415 1076 571 1126 Universitss
582 1081 666 1126 vestre
676 1077 745 1139 quod
755 1092 808 1138 nos,
820 1077 932 1140 inspectu
949 1077 1113 1140 indulgencie
1127 1077 1207 1126 felicis
1217 1076 1336 1125 memorie
1347 1073 1452 1123 Honorii

302 1141 369 1203 Pspe
391 1141 644 1190 Tertii-Venerabili
666 1141 742 1202 Petri,
763 1142 887 1205 Episcopo
906 1142 1058 1202 summensi,
1080 1147 1107 1191 et
1127 1143 1243 1205 ejusdem
1261 1141 1309 1190 loci
1326 1139 1451 1203 capitulo,

251 1264 253 1268 .
301 1221 377 1268 super
388 1206 519 1254 Probends
534 1207 566 1255 de
582 1207 706 1270 Teyntou,
723 1222 800 1269 quum
816 1207 907 1255 hebuit
923 1207 1032 1256 Ecclesia
1048 1207 1212 1267 Smumemis,
1229 1221 1350 1264 concesse,
1365 1205 1397 1253 de
1409 1204 1449 1264 [...

304 1267 354 1331 ...]²
377 1271 458 1320 Petris
478 1271 581 1320 Domini
603 1269 652 1332 R?
675 1272 833 1320 Serumensis
855 1272 978 1335 Episcopi,
998 1277 1025 1320 et
1044 1273 1159 1335 ejusdem
1181 1272 1227 1320 loci
1245 1270 1363 1332 Capituli,
1384 1269 1452 1316 dicte

300 1335 429 1384 Prebende
459 1340 630 1400 patronorum,
661 1336 820 1386 Ordinacioni
849 1341 934 1385 nostre
959 1342 1049 1400 sponte
1076 1353 1104 1385 se
1125 1336 1318 1392 subiciencium;
1341 1335 1451 1396 dampno

301 1400 411 1449 Ecclesie
422 1405 506 1449 nostre
516 1401 663 1450 Exoniensis
675 1405 702 1450 et
713 1401 859 1450 necessitate
871 1401 979 1450 Ecclesie
990 1401 1147 1450 Surumensis
1162 1406 1188 1449 et
1199 1400 1355 1450 concessione
1365 1397 1450 1461 hujus,

303 1466 369 1514 sicut
380 1465 472 1526 decuit,
490 1466 641 1528 ponderatis,
653 1466 788 1529 conjuncto
804 1467 970 1515 discrewrum
987 1472 1014 1514 et
1033 1467 1116 1515 Deum
1132 1465 1280 1514 timentium
1295 1464 1403 1520 consilio,
1418 1463 1451 1511 de

305 1530 421 1580 Ecclesiis
431 1531 464 1579 ed
472 1531 566 1580 dictem
575 1531 730 1580 Prebendnm
738 1531 917 1594 spectantibus,
924 1533 1038 1580 invocata
1046 1531 1155 1594 Spiritus
1164 1531 1250 1580 Sancti
1257 1529 1345 1593 grscin
1352 1528 1450 1576 ordine·

304 1595 387 1644 vimus
403 1595 430 1644 in
449 1595 517 1644 hunc
532 1595 651 1644 modum:
676 1595 799 1652 videlicet,
820 1595 888 1659 quod
909 1596 1018 1644 Ecclesia
1038 1597 1070 1644 de
1086 1597 1210 1659 Teington
1226 1611 1285 1644 cum
1302 1593 1403 1656 (lupello
1417 1593 1451 1641 de

303 1661 468 1723 'ieinngwclre
484 1666 512 1709 et
527 1660 637 1710 Ecclesia
652 1661 684 1708 de
701 1661 882 1720 Yeelmintton,
899 1676 958 1709 cum
976 1661 1076 1723 Ospclls
1092 1677 1145 1722 sus,
1162 1666 1189 1709 et
1205 1659 1322 1709 omnibus
1335 1658 1407 1706 bouis
1417 1658 1450 1705 ed

304 1725 384 1774 dictes
397 1725 516 1773 Ecclesiae
528 1731 555 1774 et
564 1725 676 1786 (lupellos
684 1724 863 1786 spectantibus,
871 1726 904 1774 de
915 1732 997 1774 cetero
1008 1726 1060 1774 siut
1070 1726 1243 1785 Prebendnrie,
1250 1729 1277 1774 et
1285 1741 1326 1773 ens
1336 1722 1451 1786 Episcopi

303 1791 473 1849 Surumcnses,
483 1789 528 1853 qui
535 1806 580 1853 pro
588 1795 700 1853 tempore
708 1787 836 1853 [fuerint],
843 1806 900 1839 cum
912 1793 1061 1851 vacaverint,
1071 1791 1164 1840 futuris
1173 1796 1199 1839 et
1207 1789 1335 1854 perpetuis
1341 1794 1450 1851 tempor·

303 1854 367 1916 ibus,
385 1855 515 1904 conferent
532 1859 562 1903 ut
578 1855 696 1918 petroni;
717 1856 761 1914 its,
778 1860 872 1915 nmen,
892 1857 961 1918 quod
977 1856 1012 1917 [a]
1029 1856 1101 1905 nobis
1118 1861 1144 1904 et
1158 1855 1341 1904 successoribus
1357 1851 1450 1902 nostris

302 1920 452 1968 instituatur
463 1920 484 1968 is
495 1921 535 1968 cui
547 1919 625 1968 fuerit
636 1920 725 1968 collate
737 1920 866 1968 Prehends
876 1921 1026 1982 supradicta,
1038 1921 1112 1969 salvis
1123 1920 1325 1982 competentibus
1333 1918 1430 1967 vicariis
1443 1932 1449 1976 ;

303 1985 418 2043 Eccleeie‚
431 2001 497 2044 vero,
508 1985 540 2033 dc
552 1985 655 2033 Kenton
664 1989 691 2033 et
698 1985 828 2047 Affington
840 1985 886 2044 [ie
901 1987 971 2032 ll'est
982 1985 1129 2048 Alvington]
1138 2001 1197 2034 cum
1205 2001 1291 2034 eorum
1301 1984 1414 2046 Ospellis.
1422 1987 1450 2030 et

302 2050 465 2112 proventibus
477 2054 504 2098 et
514 2049 585 2097 bonis
595 2049 795 2112 quibuscumque
806 2050 838 2098 ed
850 2065 891 2097 cos
902 2050 1093 2112 pertinentibus,
1105 2050 1196 2098 cedent
1206 2050 1233 2098 in
1245 2054 1377 2112 perpetuos
1389 2063 1451 2095 usus

303 2113 448 2177 quotidiano
464 2114 649 2163 distribucionis
667 2115 850 2162 Ouncniccmm
866 2115 1013 2163 Exoniensis
1030 2115 1138 2164 Ecclesie
1157 2131 1202 2178 pro
1221 2112 1450 2175 recompensacione

302 2179 449 2242 multiplicis
459 2179 559 2228 lesionis
570 2194 647 2242 quam
657 2179 766 2226 sustinet
778 2179 888 2227 Ecclesia
901 2185 986 2228 nostru
997 2180 1142 2228 Exonieusis
1155 2195 1187 2228 ex
1198 2179 1352 2228 oonoessione
1363 2192 1449 2238 suprs-

300 2244 375 2293 diclu.
410 2246 452 2305 Et,
465 2245 546 2293 uthec
555 2248 640 2292 nostre
652 2243 783 2292 Ordinscio
791 2249 847 2292 rata
857 2251 884 2292 et
894 2245 1006 2294 stabilite
1014 2251 1040 2294 et
1050 2246 1196 2293 inconcusse
1204 2248 1347 2307 permanent
1358 2242 1448 2304 imper-

302 2315 417 2372 petuum,
429 2309 538 2372 presenti
555 2307 654 2371 Scripto
670 2307 781 2372 sigillum
791 2314 916 2370 nostrum,
932 2326 983 2358 uns
993 2327 1051 2359 cum
1066 2310 1220 2359 Venerabilis
1235 2308 1316 2357 Petris
1334 2305 1451 2369 Episcopi

302 2373 459 2424 Ssrumensis
470 2378 497 2422 et
508 2373 682 2436 Gepitulorum
695 2374 785 2422 Serum
792 2379 820 2422 et
827 2374 898 2422 Exon
907 2375 1000 2437 sigillis,
1012 2377 1103 2437 apponi
1110 2375 1221 2423 isumus.
1231 2373 1282 2434 [iol
1293 2369 1338 2421 91¹¹
1350 2371 1451 2419 written

300 2455 333 2486 on
355 2455 370 2486 a
387 2439 462 2486 blunlr
479 2455 556 2501 space
592 2438 652 2487 This
668 2439 805 2487 document
821 2438 843 2486 is
860 2439 968 2488 without
989 2441 1097 2497 edste;
1119 2438 1168 2486 but
1183 2439 1205 2486 it
1221 2443 1291 2486 must
1306 2437 1369 2485 have
1385 2436 1449 2483 been

300 2504 421 2553 executed
440 2504 552 2553 between
572 2503 651 2567 April,
673 2505 735 2553 1224
754 2504 805 2552 end
824 2504 889 2553 Nor.
915 2507 984 2563 1244,
1005 2504 1049 2552 the
1066 2503 1151 2565 period
1167 2502 1194 2551 oi
1210 2503 1304 2565 Bishop
1321 2500 1450 2549 Briwere's

300 2570 454 2633 Episcopste.
489 2568 543 2617 The
555 2585 617 2633 copy
628 2569 649 2617 is
666 2574 712 2617 not
722 2569 810 2631 signed
821 2585 827 2629 ς
844 2570 893 2617 but
903 2569 947 2616 the
958 2568 1058 2630 writing
1069 2567 1150 2616 shews
1161 2568 1219 2616 thet
1234 2568 1257 2616 it
1267 2568 1289 2616 is
1300 2582 1347 2615 one
1361 2566 1388 2614 oi
1404 2565 1450 2614 the

300 2634 455 2683 Documents
467 2633 570 2697 heppily
581 2634 684 2682 rescued
695 2633 761 2681 irom
772 2634 883 2682 oblivion
890 2634 923 2696 by
935 2633 979 2681 the
990 2634 1111 2696 diligence
1122 2632 1149 2680 oi
1160 2632 1204 2681 the
1215 2631 1449 2681 ebore-mentioned

298 2699 409 2749 william
421 2700 555 2763 Germyne,
568 2698 696 2761 Registrer
706 2698 733 2747 in
747 2697 841 2762 Bisbcp
853 2698 990 2748 Woolton's
1001 2699 1063 2747 time
1074 2698 1212 2757 (1578-94t

298 2845 455 2931 Ondbury
466 2871 517 2910 :-

331 2947 486 3013 Oompoecicl
511 2950 718 3000 recrescente
736 2948 772 3001 de,
784 2946 908 2998 cheberi⁴
920 2950 1083 2999 2-0mnibus
1097 2948 1193 2999 Christi
1206 2946 1323 2996 fidelibus
1337 2946 1371 2996 sd
1385 2962 1450 3010 quos

297 3032 398 3081 presens
412 3016 541 3079 Scriptum
558 3015 699 3078 pervenerit
715 3015 836 3077 Magister
852 3015 973 3063 Ricerdus
989 3016 1113 3072 Mundus,
1122 3013 1290 3064 Cencellsrius
1305 3012 1407 3072 Exonie,
1422 3017 1450 3060 et

297 3080 400 3131 Domini
408 3081 555 3130 Exoniensis
568 3080 682 3143 Episcopi
694 3080 818 3138 Officielis‚
830 3085 857 3127 et
868 3077 988 3143 Magister
1000 3079 1040 3129 W.
1052 3081 1083 3127 de
1093 3080 1207 3136 Curiten,
1219 3077 1336 3127 Officislis
1347 3076 1450 3125 Domini

297 3146 472 3195 Archidisconi
492 3144 594 3205 Brome,
608 3150 720 3193 eternam
739 3145 766 3194 in
787 3144 895 3192 Domino
914 3143 1168 3192 sulutem—Noverit
1184 3143 1341 3193 Universites
1358 3146 1448 3201 rutra,

297 3211 447 3260 auctoritate
458 3210 560 3259 Domini
581 3209 709 3271 Willelmi,
728 3210 874 3258 Exoniensis
885 3209 1009 3271 Episcopi,
1028 3225 1074 3258 nos
1085 3214 1183 3257 terame
1199 3208 1324 3257 Wcsrism
1340 3206 1449 3255 Ecclesie

297 3278 329 3325 de
352 3274 483 3325 (ledeberi‘
502 3276 528 3323 in
550 3276 618 3323 hunc
640 3276 763 3333 modum
787 3274 881 3323 scilicet
900 3274 968 3336 quod
984 3274 1096 3323 Vicsrius
1122 3273 1166 3337 qui
1184 3289 1229 3335 pm
1247 3277 1361 3335 tempore
1371 3270 1450 3320 iuedt

298 3341 403 3389 hebebit
413 3341 500 3388 domos
517 3356 567 3403 quc
578 3340 626 3388 site
637 3344 698 3388 sunt
709 3340 774 3388 inira
791 3339 874 3388 locum
890 3339 938 3387 sibi
949 3339 1104 3401 essignstum
1115 3338 1142 3386 in
1157 3338 1249 3386 Borieli
1260 3343 1331 3401 purte
1348 3336 1387 3385 rie
1398 3352 1449 3400 que

297 3406 368 3454 ducit
375 3406 406 3453 de
414 3405 560 3455 Ssnctucrio
567 3405 600 3453 ad
609 3404 743 3453 Ecclesiam
753 3402 790 3452 etl
799 3404 837 3466 iiij
846 3420 913 3453 acres
921 3409 988 3453 terre
996 3404 1023 3452 in
1029 3408 1102 3467 preto
1113 3403 1251 3466 adjacente,
1258 3408 1286 3451 et
1293 3400 1450 3464 eltslcgium⁸

296 3472 423 3533 integrum
443 3486 501 3518 cum
513 3469 615 3517 decimis
634 3469 691 3529 feni,
705 3474 731 3517 et
746 3484 847 3517 omnem
864 3469 1027 3517 medietatem
1045 3468 1179 3531 garbarum
1198 3467 1231 3515 do
1249 3466 1353 3515 decimis
1368 3465 1450 3515 totius

297 3535 422 3594 Perochie,
435 3550 493 3583 cum
505 3534 587 3583 tribus
598 3533 683 3582 solidis
694 3549 710 3581 e
718 3534 801 3581 Priore
815 3539 842 3581 et
855 3534 987 3583 conventu
999 3534 1085 3582 Sancti
1096 3532 1211 3582 Micholisi
1222 3532 1371 3580 Exoniensis
1380 3530 1450 3579 dicto

296 3600 393 3648 Vicsrio
405 3600 535 3648 annuatim
552 3598 677 3647 solvendis
693 3599 725 3647 od
743 3599 837 3647 Pnschs
853 3603 880 3646 et
895 3598 928 3646 sd
945 3598 1049 3647 Festum
1066 3598 1153 3647 Sancti
1164 3596 1298 3655 Michaelis,
1310 3596 1381 3659 cquis
1392 3610 1448 3670 por·

296 3665 424 3721 cionibus;
443 3665 510 3713 selva
526 3662 601 3712 dictis
617 3663 696 3711 Priori
712 3668 738 3711 et
754 3663 896 3712 conventui
911 3663 989 3711 sltem
1004 3663 1138 3712 medietate
1148 3662 1282 3725 garbarum
1298 3661 1330 3709 de
1346 3658 1449 3708 decsmis

296 3730 376 3779 totius
387 3728 502 3793 parochie
511 3745 517 3788 ;
534 3728 609 3777 salvis
620 3734 647 3776 et
653 3728 688 3776 eis
699 3728 817 3776 omnibus
827 3727 931 3776 decimis
940 3729 972 3777 de
980 3728 1127 3777 Senctusrio
1139 3726 1247 3776 Ecclesie
1258 3725 1332 3785 dicto,
1340 3724 1408 3785 quod
1416 3725 1450 3773 sd

295 3811 337 3844 eos
354 3792 472 3857 pertinet,
491 3798 517 3843 et
537 3794 568 3842 de
590 3792 716 3842 dominico
742 3793 774 3841 de
794 3790 921 3855 ilogcleg,⁷
948 3797 1002 3841 tem
1026 3792 1137 3841 minimis
1156 3806 1233 3855 quem
1252 3790 1355 3853 magnis
1389 3788 1449 3837 Sus·

295 3860 396 3921 tinebit,
418 3864 511 3920 sutem,
534 3858 617 3907 dictus
641 3857 754 3907 Vicsrius
775 3857 803 3907 in
822 3858 890 3906 dicte
912 3857 1021 3906 Ecclesia
1042 3857 1127 3906 omnin
1148 3872 1223 3905 onere
1250 3853 1406 3918 Episcopslie
1423 3857 1451 3901 et

293 3924 507 3974 Archidinconelie
516 3924 603 3972 debite
614 3927 640 3972 et
651 3927 775 3973 consessio
811 3922 846 3971 Et
856 3922 969 3985 inhujus
978 3922 1015 3971 sei
1025 3921 1200 3972 testimonium
1210 3935 1310 3984 proeens
1321 3918 1451 3981 Scriptum

297 3990 435 4053 sigillorum
447 3994 591 4039 nostrorum
599 3988 756 4052 apposicione
767 3986 944 4037 roboravimus.

303 4196 313 4229 ¹
331 4200 385 4249 One
404 4216 432 4249 or
451 4204 501 4248 two
517 4199 599 4248 words
618 4202 688 4247 must
705 4198 768 4267 heve
786 4198 851 4248 been
965 4196 1107 4258 'Maeotin
1120 4198 1148 4248 0.

335 4265 443 4313 omitted
460 4264 535 4313 here:
558 4264 684 4339 Gerrnyne
702 4266 751 4313 wes
771 4270 816 4313 not
835 4280 851 4313 s
965 4262 977 4359 ἒ
992 4263 1124 4341 steberi,
1137 4262 1164 4339 0,.
1191 4327 1212 4377 c

303 4330 682 4456 altistiill‘tltttt
691 4394 755 4443 pe„
764 4391 849 4455 (1217.
965 4342 1189 4457 cittii.
1213 4362 1219 4375 '

334 4462 417 4589 ἓξὲξ,
433 4476 462 4509 or
473 4460 567 4511 liobert
576 4461 609 4509 de
624 4459 747 4525 Binghsm
761 4460 849 4522 (1228-
965 4457 976 4490 ⁷
995 4460 1071 4509 hodic
1084 4459 1192 4523 Bowley.
