3242 5100
609 611 789 666 omnent
807 611 945 667 monn
1298 593 1347 665 45

289 769 411 820 lesionem
419 768 595 828 macilentum,
611 771 714 832 propter
720 766 1238 831 queinaentenciamexcommnumscionis
1245 767 1347 832 mojoris

290 835 368 885 incidi
385 835 439 898 ipsc
460 833 542 888 factm
561 833 588 881 in
608 849 665 896 qus,
685 837 769 896 spreta
784 833 918 882 minicione
935 832 1086 881 auctoritate
1103 832 1206 882 Domini
1225 833 1346 883 centuar-

290 901 367 950 iensis
377 897 562 961 Archiepisoopi
573 898 671 960 publice
683 903 710 946 et
720 897 892 960 sollempniter
903 897 996 960 plusies
1006 897 1069 946 mibi
1078 897 1153 958 metri,
1161 913 1206 961 per
1217 898 1346 948 biennium

291 964 447 1028 etamplius
470 963 570 1028 perstiti
590 963 674 1012 animo
691 963 817 1021 indurato,
835 960 989 1011 senmnciam
1006 961 1088 1025 ipsam
1108 969 1288 1026 contempnens
1313 964 1344 1012 ir·

292 1033 441 1078 reverenter.
476 1029 585 1102 Demum
595 1027 628 1104 sd
639 1042 682 1102 cor
696 1027 801 1102 rediens,
812 1031 841 1102 et
855 1031 955 1076 rustum
971 1041 1058 1076 meum
1073 1027 1204 1077 humiliter
1218 1033 1248 1077 et
1257 1028 1348 1077 devote

292 1091 1043 1230 tumultumtffliitmtttff
1049 1094 1348 1220 offiium

293 1223 411 1283 Ecclesie,
430 1222 479 1271 aub
497 1221 583 1270 debito
600 1221 715 1284 ejusdem
732 1220 871 1284 juramenti
888 1219 997 1269 iidehter
1015 1222 1137 1284 promitto
1152 1222 1219 1282 dere,
1236 1223 1347 1283 reddere,

292 1293 321 1337 st
342 1287 438 1336 solvere
460 1286 541 1335 eidem
564 1286 673 1334 Domino
693 1285 823 1348 Episcopo,
842 1301 888 1348 pro
905 1286 1012 1334 emenda
1029 1291 1057 1335 et
1073 1287 1243 1336 commone
1261 1288 1348 1350 dsmp·

293 1368 386 1402 norum
400 1357 428 1400 et
445 1351 619 1414 gravaminum
636 1350 805 1414 predictorum
822 1351 891 1399 dicto
909 1350 1018 1399 Domino
1032 1351 1123 1414 Episco
1156 1352 1289 1410 ,Ecclesie
1303 1368 1348 1401 sue

294 1417 431 1466 Exonisnsi
442 1417 469 1465 in
486 1431 591 1478 persons
606 1431 658 1476 sua,
676 1419 703 1464 ct
719 1415 811 1464 nativis
822 1415 882 1475 suis,
900 1429 945 1477 per
961 1430 1003 1464 me
1016 1415 1103 1464 taliter
1116 1367 1252 1476 iilostorum,
1269 1418 1348 1480 qund-

294 1483 405 1545 rsgintas
428 1497 523 1530 murcss
544 1480 662 1541 legalium
684 1481 869 1543 sterlingorum,
891 1479 1006 1529 terminis
1021 1485 1049 1529 et
1067 1481 1253 1530 condicionibus
1272 1482 1348 1531 inim·

294 1547 413 1610 scriptis,
430 1546 547 1594 videlicet
562 1545 635 1605 dubo,
651 1545 764 1602 reddum,
780 1549 808 1593 et
822 1545 917 1593 solvam
937 1545 1019 1594 eidem
1035 1545 1146 1594 Domino
1163 1547 1293 1608 Episcopo,
1308 1547 1349 1596 vel

294 1617 363 1661 certo
375 1611 466 1660 nuncio
483 1610 581 1658 Literns
597 1625 655 1659 euna
671 1609 790 1658 Potentes
806 1609 937 1669 deferenti,
954 1610 982 1658 in
998 1609 1142 1659 Osthedmli
1157 1611 1266 1660 Mesia
1277 1612 1349 1660 Beati

294 1676 365 1726 Petri
393 1675 548 1734 Exoniensis,
577 1674 604 1723 in
630 1674 744 1737 proximo
766 1679 874 1722 venturo
896 1675 972 1722 Festo
995 1675 1083 1724 Sancti
1105 1675 1238 1735 Michaelis,
1255 1677 1349 1726 mensis

297 1741 458 1804 Septembris,
470 1745 573 1789 centum
584 1754 687 1800 marcas,
698 1739 751 1788 sinc
762 1738 876 1788 ulteriori
886 1739 1007 1787 dilacione
1017 1739 1164 1802 etquolibet
1173 1741 1331 1804 subterfugio
1342 1759 1350 1802 ;

295 1807 333 1856 ite
344 1805 459 1854 videlicet
469 1805 538 1868 quod
548 1805 656 1854 ducente
668 1819 749 1852 merce
760 1809 823 1853 tunc
833 1809 957 1853 restantes
967 1808 994 1852 et
1004 1819 1091 1853 earum
1105 1805 1200 1854 solado
1209 1806 1258 1854 sub
1268 1806 1349 1855 iorms

295 1871 454 1932 inirnscripta
464 1870 491 1919 in
502 1873 645 1933 respectum
655 1873 782 1932 ponentur
793 1872 820 1917 et
830 1868 975 1918 nullstenus
985 1883 1001 1918 u
1010 1883 1052 1918 me
1061 1871 1203 1933 erigantur,
1211 1871 1350 1920 dnmmodo

296 1951 355 1998 ergo
376 1935 502 1998 prefatum
524 1935 663 1983 Dominum
685 1933 846 1996 Episcopum,
867 1938 895 1982 et
915 1949 1067 1982 successores
1087 1950 1154 1995 suos,
1173 1936 1200 1984 in
1222 1936 1302 1984 ausu
1323 1940 1351 1984 et

296 2000 405 2063 negociis
421 1999 530 2048 Ecclesie
541 1999 630 2048 devote
641 2003 668 2048 et
678 1998 786 2047 fideliter
801 2014 843 2047 me
852 2013 946 2060 gerum,
962 1999 1102 2048 consimiles
1117 2000 1181 2049 lesse
1191 2016 1308 2063 personne
1318 1999 1350 2049 de

296 2071 380 2114 cetero
394 2079 445 2113 non
460 2065 606 2124 isdemnec
616 2078 703 2114 esrum
714 2063 801 2113 lesioni
818 2063 981 2120 consentiam,
993 2063 1042 2112 nisi
1058 2063 1084 2112 ri
1100 2065 1153 2113 rim
1166 2063 1309 2128 repellendo
1323 2071 1350 2115 et

297 2145 357 2180 cum
367 2129 537 2178 moderamine
547 2129 673 2192 inculpate
684 2127 765 2177 tutele
775 2145 782 2187 ς
799 2128 892 2188 volens,
903 2128 1112 2190 sicontrsiecero,
1122 2134 1150 2178 ct
1159 2145 1236 2192 snper
1246 2130 1294 2179 biis
1304 2135 1351 2180 eut

298 2209 387 2244 corum
397 2194 482 2257 ulique
503 2192 632 2243 convictus
648 2193 759 2242 iuerorel
770 2193 906 2254 vomerem,
922 2208 968 2242 seu
985 2193 1107 2242 delictum
1121 2209 1207 2244 meum
1223 2196 1350 2244 notorium

298 2259 427 2308 evidenter
445 2263 571 2322 apparent,
588 2259 621 2307 ad
639 2258 775 2321 plenarium
790 2258 942 2306 solucionem
956 2258 1082 2307 dictorum
1100 2259 1267 2309 ducentarum
1285 2276 1350 2309 mnr-

298 2339 385 2373 carrum
400 2324 552 2372 roetnncium
563 2322 643 2372 teneri
659 2323 780 2382 obsolute,
795 2326 823 2371 ct
838 2338 883 2385 per
898 2323 996 2371 dictum
1013 2323 1151 2372 Dominum
1162 2325 1314 2388 Episcopum
1325 2330 1353 2374 et

298 2405 450 2438 successores
472 2403 530 2436 suos
549 2402 594 2450 per
610 2388 786 2450 suspensionis.
809 2387 1082 2448 excommunicacionis,
1102 2393 1130 2436 et
1148 2389 1276 2439 interdicti
1294 2406 1350 2439 sen·

299 2454 400 2514 tencios,
411 2452 502 2501 sinsin
513 2453 555 2515 jus
566 2453 696 2501 vocacione
711 2457 736 2500 ct
748 2467 823 2500 cause
833 2452 975 2514 cognicionc
986 2453 1079 2512 precise
1094 2454 1215 2517 compelli.
1249 2456 1290 2504 Ad
1301 2471 1351 2518 que

299 2519 383 2569 omnis
402 2515 509 2567 fideliter
530 2517 644 2567 iaciendo
664 2522 693 2567 et
713 2517 861 2581 complenda
881 2517 964 2580 obligo
986 2532 1034 2577 me,
1058 2523 1086 2567 et
1107 2519 1191 2568 omnis
1213 2519 1277 2569 boun
1296 2535 1352 2569 men

299 2585 401 2634 mobilis
418 2589 446 2632 et
462 2583 606 2642 immobilis,
624 2584 656 2631 sd
674 2598 846 2645 quoscumque
865 2583 1012 2631 devenerint
1029 2588 1057 2632 et
1074 2583 1227 2648 ubicumque
1248 2586 1352 2634 invento

299 2650 402 2709 inerint,
415 2649 496 2697 eidem
512 2648 620 2696 Domino
637 2646 767 2713 Episcopo,
780 2647 888 2695 Eccleeie
904 2663 956 2707 aue,
968 2653 995 2695 et
1005 2648 1188 2697 successoribus
1198 2650 1259 2710 suis,
1271 2666 1351 2713 usque

299 2715 332 2763 ad
354 2714 505 2762 solucionem
522 2717 548 2760 et
567 2712 759 2775 complecionem
781 2711 895 2760 omnium
916 2712 1072 2775 singulorum
1094 2715 1278 2776 predictorum
1301 2732 1352 2779 que

300 2779 384 2827 omnis
394 2784 421 2827 st
437 2777 536 2839 singula
548 2778 613 2825 bons
629 2777 740 2839 predicte
750 2792 766 2824 s
781 2776 850 2825 dicto
867 2778 975 2825 Domino
991 2778 1120 2840 Episcopo,
1137 2779 1246 2827 Ecclesia
1262 2796 1315 2840 suu,
1326 2787 1353 2829 et

300 2842 483 2893 successoribus
499 2842 550 2890 suis
567 2842 684 2903 predictis
695 2856 842 2903 recognosco
856 2840 1014 2903 inpignorata
1024 2858 1077 2890 esse
1091 2848 1118 2891 et
1135 2848 1274 2907 ypotecuta,
1291 2846 1353 2894 sdeo

300 2910 375 2971 quod,
398 2906 546 2956 humanitus
565 2907 596 2954 de
616 2921 656 2954 me
673 2906 842 2968 contingente,
859 2906 1013 2955 Testamenti
1032 2908 1082 2955 mei
1100 2909 1171 2956 nulls
1188 2909 1290 2971 penitus
1309 2911 1354 2959 fiat

301 2973 424 3031 execucic,
439 2988 483 3021 seu
495 2972 572 3021 eciam
585 2972 710 3019 dictorum
728 2972 850 3019 bonorum
866 2986 980 3019 meorum
998 2971 1122 3020 ordinacio
1137 2988 1182 3022 seu
1199 2975 1353 3037 distribucio,

300 3036 1355 3167 tttntittttittt‘stttt&mimicitiis

302 3167 421 3229 predictis
439 3165 509 3214 omni
526 3165 674 3227 ereepcioni,
691 3164 850 3224 covillacioni,
866 3165 1037 3227 appellscioni,
1052 3166 1175 3227 dilscioni,
1191 3170 1356 3229 subterfugio,

302 3232 430 3295 privilegio
441 3230 497 3290 fori,
509 3234 535 3278 et
547 3230 730 3292 Crucesignatia
744 3244 789 3277 seu
803 3229 883 3278 Cruce
898 3230 1025 3291 signandis
1040 3230 1148 3291 indulto,
1165 3235 1354 3295 consuetudine,

302 3301 407 3356 statuto,
430 3295 497 3358 regie
519 3294 690 3357 prohibicioni,
712 3298 738 3342 et
760 3294 830 3342 omni
851 3294 916 3356 juris
937 3296 1055 3355 canonici,
1073 3296 1159 3355 civilis,
1184 3314 1228 3347 seu
1251 3314 1353 3348 consue-

302 3361 423 3409 tudinarii
444 3358 562 3419 remedio,
581 3359 713 3421 inpetratis
734 3359 897 3421 inpetrandis,
921 3374 971 3421 que
992 3365 1093 3421 possent
1114 3361 1179 3410 obici
1200 3369 1288 3412 contro
1308 3365 1355 3413 boe

302 3427 502 3475 instrumentum
524 3424 564 3472 vel
590 3424 694 3483 iactum,
723 3424 762 3471 vel
789 3439 835 3486 per
856 3438 905 3486 que
926 3424 1030 3472 effectus
1051 3425 1173 3487 presentis
1195 3428 1354 3491 oblignoionis

303 3490 427 3553 impediri,
450 3488 562 3547 anullnri,
585 3488 679 3551 poterit
700 3503 744 3536 seu
767 3488 867 3536 differri
902 3488 973 3550 Quin,
996 3503 1062 3549 vero,
1079 3489 1177 3539 diverso
1198 3493 1308 3556 dampna
1329 3499 1356 3543 et

303 3556 395 3619 injurie
414 3554 484 3603 dicto
501 3552 609 3601 Domino
624 3552 746 3615 Episcopo
762 3557 789 3601 et
806 3553 863 3615 ejus
882 3552 990 3601 Ecclesie
1001 3569 1046 3615 per
1064 3553 1174 3604 diversos
1184 3558 1356 3607 mnleicctores

304 3634 413 3683 quorum
424 3619 492 3667 iectu
503 3617 576 3680 plone
590 3617 722 3673 deadvoco,
735 3622 762 3665 et
773 3632 837 3679 quos
847 3618 895 3665 sub
906 3618 953 3666 hnc
964 3618 1027 3666 Pace
1038 3620 1169 3682 complecti
1180 3636 1230 3669 non
1241 3622 1354 3681 intendo,

304 3684 478 3747 multipliciter
492 3686 554 3731 sunt
565 3682 642 3743 illsts,
658 3682 706 3729 sub
718 3681 804 3730 debito
820 3681 935 3743 ejusdem
954 3682 1092 3744 juramenti
1108 3685 1207 3747 prestiti
1225 3688 1290 3735 bona
1307 3688 1357 3738 fide

304 3750 425 3812 promitto
443 3747 512 3811 quod
531 3750 618 3795 contra
636 3746 734 3795 dictum
749 3746 888 3795 Dominum
906 3746 1058 3810 Episcopum
1075 3748 1108 3797 ed
1126 3749 1238 3813 dampna
1255 3768 1302 3801 suc
1318 3770 1356 3803 re·

304 3814 446 3876 cuperenda
462 3812 562 3860 nullum
578 3812 676 3869 tuebor,
693 3816 739 3859 sut
758 3811 826 3859 tueri
843 3827 946 3874 quoquo
964 3813 1040 3861 modo
1056 3813 1201 3876 procurabo,
1215 3821 1255 3865 eet
1273 3817 1357 3880 ipsum

305 3878 331 3927 in
341 3878 406 3942 juris
416 3877 457 3926 aui
468 3876 640 3939 prosecueionc
649 3875 755 3925 fideliter
766 3875 953 3938 juvaboterras
960 3877 1037 3925 eciam
1044 3882 1228 3941 ettenementc,
1235 3882 1357 3946 redditus,

305 3944 437 4004 custodies,
455 3940 621 4005 possessiones
638 3945 665 3988 et
680 3940 790 4000 servicia,
800 3940 826 3989 in
839 3940 965 4000 lesionem,
982 3942 1129 4005 dampnum,
1147 3949 1174 3992 et
1190 3947 1358 4009 prejudicium

306 4008 366 4057 dicti
377 4006 481 4056 Domini
493 4005 608 4069 Episcopi
619 4010 645 4053 et
656 4005 765 4053 Fcclesie
775 4022 821 4053 aue
833 4006 979 4054 Exonicneis
990 4022 1034 4069 per
1045 4022 1093 4067 me,
1102 4023 1145 4056 scu
1153 4024 1194 4057 me
1200 4019 1357 4075 procurante,

306 4072 494 4136 quomodolibet
516 4072 566 4119 less
582 4086 626 4119 seu
649 4074 776 4131 usurpata,
798 4070 825 4117 in
847 4074 944 4119 statum
962 4070 1098 4134 pristinum
1114 4073 1200 4122 reduci
1221 4076 1311 4125 iccinm
1332 4084 1359 4128 et

306 4137 460 4201 integraliter
470 4135 571 4185 restitui
582 4150 627 4198 pro
642 4134 805 4198 possibilitate
814 4149 871 4183 mec
878 4135 1015 4196 procurabo
1029 4152 1088 4185 cum
1096 4138 1192 4188 effectu.
1233 4141 1359 4192 Discrems

307 4202 407 4265 insuper
431 4202 498 4249 viros
525 4199 703 4261 infrascriptos,
726 4199 821 4247 scilicet
845 4198 966 4248 Dominus
991 4200 1146 4250 willelmum
1172 4203 1205 4251 de
1226 4205 1357 4268 Boterelle,

306 4268 429 4331 Rogerum
441 4268 473 4315 de
484 4264 588 4323 Primos,
600 4264 739 4313 Radulfum
756 4264 787 4311 de
803 4263 982 4323 Arundelle,et
990 4265 1123 4327 Hugonem
1139 4267 1250 4335 Percrel,
1259 4270 1360 4333 Milites,

307 4333 386 4381 eidem
405 4330 513 4380 Domino
534 4329 657 4391 Episcopo
676 4333 703 4377 et
721 4327 829 4376 Ecclesie
850 4344 896 4377 sue
917 4330 950 4376 sd
964 4329 1163 4379 observacionem
1182 4335 1359 4395 premissorum

307 4397 364 4445 dedi
375 4396 540 4459 fidejussores,
552 4394 597 4457 qui
613 4409 640 4441 se
657 4393 803 4455 principales
819 4393 1005 4442 constituerunt
1022 4394 1049 4441 in
1065 4394 1173 4444 solidum
1190 4398 1315 4448 debitores
1332 4402 1359 4449 in

308 4462 385 4511 torma
396 4478 445 4527 que
456 4460 573 4523 sequitur
587 4475 592 4508 :
611 4458 664 4507 Nos
674 4457 842 4522 prenominati
852 4463 995 4522 presentem
1005 4458 1183 4522 obligscionem
1195 4477 1278 4513 corum
1288 4465 1360 4515 nobis
