3242 5100
312 551 384 621 200
546 567 687 621 runos
704 548 1018 625 suouuscousu’s
1038 572 1237 628 eucissus.

310 719 749 788 Iannoeston-oontinued.

408 824 503 874 babent
524 824 555 873 de
577 826 747 889 Propositum¹
770 826 873 876 castelli
892 844 927 878 xx
943 828 1034 879 solidos
1054 830 1188 879 annuatim
1208 830 1240 879 ed
1258 830 1363 879 Festum
1381 830 1467 879 Sancti

408 889 511 939 Murtini
522 890 562 951 [ll
576 890 669 951 uov.];
685 897 712 940 et
722 893 791 954 quod
802 892 902 942 eusdem
913 894 1042 943 libertates
1053 895 1157 957 integre,
1168 900 1195 944 et
1202 896 1294 957 quiete,
1307 900 1334 943 et
1344 896 1398 944 aine
1409 910 1466 943 eou-

408 954 558 1004 tradiocione
574 960 630 1005 toto
646 961 759 1019 tempore
775 957 886 1018 Haurici,
904 959 940 1007 Re
958 959 964 970 '
988 960 1085 1022 Anglie,
1100 959 1183 1009 Petris
1204 961 1260 1021 mei,
1278 960 1423 1009 habuerunt
1440 966 1468 1009 et

408 1024 553 1069 tenuerunt
596 1021 753 1084 Quapropter
771 1038 816 1085 ego
835 1038 921 1072 omnes
940 974 1069 1073 libertates
1086 1025 1118 1073 ad
1136 1024 1245 1074 liberum
1266 1026 1381 1087 'Burgum
1399 1040 1466 1087 spec·

408 1089 492 1133 tentes
500 1086 643 1133 memoretis
651 1087 788 1145 Canonicis,
800 1091 828 1135 et
839 1087 904 1136 Ville
911 1103 955 1137 sue
966 1089 997 1137 de
1011 1090 1204 1150 Lenseevstone‚
1215 1096 1242 1138 et
1249 1090 1394 1138 hominibus
1403 1090 1430 1139 iu
1439 1106 1468 1137 es

407 1149 493 1198 iocum
504 1150 624 1199 stlocum
635 1150 793 1212 habentibus,
805 1168 863 1200 oum
871 1154 1014 1201 memoretis
1022 1170 1056 1202 xx
1064 1154 1150 1202 solidis
1159 1155 1237 1203 annui
1246 1171 1341 1213 census,
1350 1154 1466 1214 concessi,

409 1220 437 1262 et
452 1214 500 1262 bec
516 1215 591 1263 Carta
601 1230 657 1263 mes
667 1216 978 1275 confirmavi-Testibus,
991 1218 1100 1267 Roberto
1124 1219 1307 1279 Dunstanville,
1321 1220 1425 1267 itio-udo
1436 1220 1468 1267 de

410 1280 539 1340 Bodduue,
552 1281 685 1341 Bernardo,
697 1281 848 1329 Vioeoomite
860 1282 993 1341 Oomubie,
1005 1283 1114 1332 Roberto
1131 1283 1181 1332 filio
1193 1282 1303 1344 Auletil,
1316 1285 1423 1346 Hugone
1433 1284 1466 1331 de

407 1345 592 1407 Duustnnrille,
602 1344 753 1394 summoue
765 1345 873 1407 'lb-eliarl,
887 1347 1022 1410 Proposito,
1037 1348 1155 1397 Mordent
1167 1348 1305 1411 Spralrelyu
1318 1366 1324 1409 ;
1342 1350 1378 1397 13.

311 1424 467 1491 Cherters
483 1425 519 1490 ol
541 1425 693 1502 Richard,
709 1426 786 1490 Eerl
803 1426 838 1492 of
861 1426 1026 1493 Cornwell
1049 1428 1115 1492 eud
1140 1428 1251 1493 Count
1266 1430 1301 1494 ol
1325 1429 1468 1505 Poictou‚

392 1519 410 1545 “
421 1512 512 1594 Kiug
527 1511 563 1578 of
584 1512 641 1577 the
657 1512 802 1578 Romans
815 1512 831 1538 ’'
854 1512 951 1597 (Ab.
970 1514 1199 1597 1225-1272)
1213 1539 1262 1578 :-

359 1614 542 1677 I.·—Ricardus,
556 1618 645 1666 Comes
658 1618 766 1666 Pictarie
777 1622 803 1665 et
815 1617 947 1678 cornubie,
958 1618 1073 1667 omnibus
1083 1619 1222 1667 Beronibus
1233 1620 1284 1667 suis
1296 1623 1322 1667 et
1334 1618 1466 1678 Militibus,

410 1686 438 1729 et
447 1682 566 1731 omnibus
576 1682 653 1731 libere
664 1681 809 1731 tenentibus
820 1682 848 1730 in
860 1682 997 1743 Comitatu,
1010 1684 1248 1732 salutem—Sciatis
1256 1699 1301 1731 nos
1312 1684 1470 1743 concessisse,

408 1750 435 1794 st
445 1747 492 1795 hac
502 1747 612 1809 presenti
624 1747 699 1796 Certe
709 1752 795 1795 nostra
805 1746 970 1808 confir-messe,
982 1748 1035 1797 Deo
1047 1753 1074 1797 et
1084 1747 1193 1797 Eeclesie
1203 1748 1287 1798 Sancti
1299 1748 1421 1810 Stephani
1431 1749 1463 1797 de

409 1811 601 1872 Leusoermone
621 1816 648 1860 et
671 1811 800 1859 Csnonicis
820 1811 914 1861 ibidem
937 1812 990 1861 Deo
1013 1812 1186 1873 servientibus,
1208 1829 1252 1875 pro
1271 1818 1340 1861 stetu
1361 1818 1387 1861 et
1406 1830 1466 1877 pace

410 1875 512 1925 Domini
524 1876 633 1935 Henrici,
652 1876 726 1938 Regis
742 1876 840 1938 Angue,
853 1876 947 1925 Pistris
963 1877 1050 1937 nostri,
1062 1878 1138 1925 simul
1155 1883 1181 1927 et
1193 1878 1279 1939 Regni,
1292 1883 1318 1926 et
1329 1894 1374 1940 pro
1385 1878 1466 1927 salute

408 1941 491 1989 anime
500 1941 603 1990 Domini
613 1942 630 1991 J
631 1941 743 2001 ohannis,
753 1940 931 2003 RegisAnglie‚
942 1942 1023 1990 Petris
1035 1943 1120 2002 nostri,
1133 1946 1159 1990 et
1170 1958 1214 2005 pro
1226 1942 1306 1991 salute
1317 1942 1399 1991 enims
1411 1958 1465 1991 mee

408 2011 435 2054 et
457 2006 570 2054 omnium
582 2007 774 2054 Antecessorum
796 2010 823 2054 et
839 2006 1014 2055 Successorum
1031 2011 1181 2061 nostrorum,
1199 2012 1230 2056 ut
1251 2007 1361 2055 habeant
1377 2022 1463 2055 omnes

409 2070 531 2119 Ecclesiae
542 2086 599 2119 suas
610 2075 638 2119 et
647 2070 731 2118 omnia
748 2070 920 2119 Ecclesiastico
936 2070 1066 2132 Beneficio,
1078 2077 1104 2120 et
1115 2072 1265 2134 possideant,
1277 2086 1335 2119 cum
1347 2072 1462 2120 omuibus

407 2135 567 2197 pertinenciis
583 2135 642 2195 suis,
659 2135 764 2198 integre,
779 2135 864 2195 libere,
884 2141 911 2184 et
930 2135 1036 2198 pacifice,
1054 2151 1104 2199 que
1123 2136 1217 2185 hubent
1234 2152 1264 2185 ex
1283 2137 1463 2185 donaciouibus

408 2200 514 2262 Regum,
524 2200 660 2260 Comitum,
668 2200 795 2248 Beronum
802 2203 830 2247 et
837 2199 942 2249 aliorum
951 2200 1074 2249 bonorum
1081 2201 1200 2257 virorum;
1210 2207 1295 2261 terres,
1303 2198 1400 2261 eciem:
1407 2216 1465 2250 suas

409 2279 503 2325 omues,
512 2269 539 2313 et
550 2269 694 2313 tenemento
705 2281 751 2313 sua
759 2264 843 2313 omnia
851 2279 900 2327 que
912 2265 1037 2314 habeutin
1047 2266 1138 2328 Burgo,
1148 2266 1187 2314 vel
1194 2272 1266 2315 extro
1274 2266 1395 2328 Burgum,
1405 2281 1463 2314 eum

408 2329 526 2379 omnibus
541 2330 700 2393 pertinenciis
709 2329 769 2389 suis,
780 2329 946 2390 libertatibus,
963 2334 991 2378 et
1006 2330 1088 2379 liberis
1099 2331 1323 2379 consuetudinibus
1340 2330 1399 2389 suis,
1412 2346 1462 2394 que

408 2393 510 2451 habent,
527 2394 568 2443 vel
584 2395 728 2443 habueruut
743 2394 775 2442 ab
791 2394 904 2457 antiquo,
915 2395 982 2443 siout
999 2394 1073 2443 Certo
1086 2396 1243 2445 Donatorum
1251 2399 1368 2456 testetur,
1381 2396 1419 2443 vel
1436 2396 1462 2444 in

407 2458 526 2509 futurum
536 2458 718 2508 racionabiliter
728 2459 856 2521 anquirere
867 2464 994 2521 poterunt,
1002 2460 1085 2520 libere,
1095 2460 1187 2523 quiete,
1200 2465 1227 2508 et
1238 2460 1346 2522 plennrie
1357 2476 1362 2518 ;
1380 2464 1406 2508 et
1417 2461 1463 2509 hec

407 2521 510 2583 omnic,³
521 2528 574 2574 tam
585 2524 612 2574 iu
624 2523 739 2573 Ecclmis
751 2539 828 2587 quam
839 2522 866 2572 in
878 2523 992 2586 capellis,
1004 2525 1084 2585 terris,
1096 2525 1177 2586 rebus,
1187 2528 1214 2573 et
1224 2524 1426 2586 possessionibus,
1436 2530 1463 2574 et

406 2590 523 2638 omnibus
533 2589 693 2653 pertinenciis
703 2589 756 2638 suis
767 2589 917 2648 memoratis,
931 2589 1059 2638 canonicis
1071 2595 1097 2638 et
1108 2590 1289 2639 successoribus
1300 2591 1353 2638 suis
1364 2606 1460 2638 conces-

404 2654 491 2715 simus,
507 2654 622 2703 bebends
637 2659 666 2703 et
681 2653 830 2716 possidenda
846 2654 871 2702 iu
889 2668 978 2716 puram
995 2659 1021 2702 et
1036 2660 1182 2717 perpetuam
1193 2655 1360 2712 elemosinam,
1375 2654 1458 2716 libere,

404 2719 545 2778 honorifice,
560 2724 587 2767 et
598 2719 683 2782 quiete
694 2719 726 2766 ab
737 2719 806 2766 omui
825 2718 929 2767 seculari
945 2719 1055 2779 servicio,
1067 2724 1094 2767 et
1110 2719 1239 2779 similiter3
1262 2725 1289 2768 et
1300 2721 1332 2767 de
1343 2719 1460 2768 omnibus

405 2785 629 2833 consuetudinibus
645 2783 798 2831 secularibus
816 2789 842 2831 et
858 2782 1028 2832 occasionibus
1045 2784 1194 2832 omnimodis
1211 2785 1416 2846 imperpetuum
1434 2789 1462 2833 et

404 2864 437 2897 ue
453 2849 510 2912 quis
526 2853 604 2912 ponat
619 2849 745 2912 predictos
762 2848 898 2897 canonicos
914 2847 940 2897 iu
958 2848 1078 2910 placitum
1095 2850 1127 2897 de
1144 2849 1227 2912 aliquo
1243 2852 1388 2898 tenemento
1404 2864 1457 2907 suo,

404 2914 453 2962 nisi
464 2929 546 2963 coram
555 2913 702 2976 nobisipsis,
712 2913 842 2962 veloornm
854 2913 954 2962 Ballivis
962 2913 1054 2962 uostris
1063 2915 1094 2962 de
1103 2913 1326 2962 Coruubia-Hiis
1333 2913 1458 2973 Postibus,

404 2979 505 3028 Andros
521 2980 552 3028 de
570 2979 721 3038 Chaucesns,
739 2978 845 3026 Ricordo
862 2979 893 3027 de
911 2979 997 3038 Turre,
1015 2978 1123 3026 Henrico
1140 2978 1284 3038 Teutonico,
1305 2978 1413 3028 Heun'eo
1428 2980 1460 3026 rie

403 3044 572 3105 F'reuchenne,
590 3044 695 3092 Ricardo
706 3045 738 3091 de
750 3042 941 3102 Punchsrdune,
959 3043 1051 3102 Yvoue,
1068 3043 1147 3091 fratre
1164 3043 1276 3104 Comitis,
1293 3043 1417 3091 Herberto
1428 3044 1460 3091 de

403 3109 500 3171 Novila,
517 3109 603 3206 Aiane)
615 3107 702 3168 Hurri,
719 3107 828 3156 ilenrico
844 3108 876 3156 de
892 3107 1024 3170 Bodrigun,
1045 3107 1179 3171 Radulpho
1199 3107 1283 3171 Bloyo,
1304 3107 1406 3156 Simone
1428 3108 1460 3156 de

404 3173 539 3237 Brelrelay3
558 3176 587 3223 lt
604 3210 609 3219 .

338 3253 536 3316 IL—Rioardus,
559 3255 649 3304 Comes
666 3254 791 3304 cornubie
814 3259 840 3303 et
862 3254 978 3314 Pictavie,
1002 3253 1155 3314 Vicecomit-i,
1178 3258 1204 3302 et
1221 3253 1337 3303 omnibus
1358 3253 1461 3302 Beliivis

404 3319 537 3381 cornubie,
554 3319 792 3369 salutem—Scietis
808 3320 877 3383 quod
894 3319 1022 3368 Prioratus
1038 3320 1070 3367 de
1088 3320 1278 3378 Lenscevatone,
1297 3325 1323 3367 et
1341 3317 1414 3366 Prior
1433 3323 1461 3368 et

402 3383 522 3435 Canonici
538 3386 653 3448 ejusdem
670 3385 805 3444 Prioratus,
817 3389 843 3432 et
854 3399 940 3432 omnes
957 3399 1043 3432 eorum
1056 3383 1177 3444 homines,
1191 3384 1305 3442 Ecclesia,
1318 3389 1415 3444 tenure,
1433 3389 1460 3432 et

403 3450 574 3513 possessiones,
600 3455 662 3498 suut
683 3450 733 3498 sub
757 3453 979 3497 mmuteuemento
1004 3454 1031 3497 et
1052 3448 1207 3511 proteocioue
1238 3453 1331 3496 nostra.
1377 3449 1460 3507 Quare

402 3515 520 3564 volumus
547 3521 573 3564 et
601 3514 707 3564 firmiter
734 3514 884 3577 precipimus
903 3515 971 3577 quod
994 3513 1136 3561 Primatum
1155 3513 1227 3560 illum
1251 3518 1277 3561 et
1299 3513 1409 3561 Priorem
1433 3519 1461 3561 et

404 3580 541 3630 canonicos
558 3595 644 3628 omues
660 3578 722 3628 dicti
739 3579 875 3636 Priorutus,
887 3583 914 3626 et
930 3577 1013 3626 omnia
1024 3593 1075 3637 sua,
1088 3583 1140 3626 tam
1153 3577 1324 3626 Ecclesiastico
1337 3578 1459 3626 Beneficia

403 3660 481 3708 quern
499 3645 561 3694 laica
579 3649 730 3703 tenemento,
750 3649 872 3706 tanquam
896 3643 1020 3691 dominico
1035 3647 1120 3691 nostru
1137 3643 1242 3705 propria,
1266 3643 1413 3690 custodistis
1434 3649 1461 3690 et

402 3711 570 3759 manteueatis
586 3713 612 3758 et
628 3708 777 3768 defendatis,
796 3708 893 3757 nullum
910 3709 945 3756 eis
962 3706 1080 3770 injurium
1096 3707 1136 3756 vel
1153 3707 1294 3756 molestiam
1314 3707 1457 3768 inferentes,

402 3791 449 3825 nec
467 3775 499 3824 sb
510 3775 594 3838 aliquo
610 3774 646 3822 eis
662 3773 748 3822 iniem'
759 3774 941 3836 permittentes.
977 3773 1011 3820 Et
1026 3773 1047 3821 si
1064 3771 1121 3835 quis
1138 3771 1210 3820 eisin
1221 3773 1306 3835 nliquo
1318 3771 1459 3820 lorisieeere

401 3841 588 3904 presumpserit,
595 3839 732 3902 plenariam
742 3838 777 3887 eis
788 3838 846 3886 inde
857 3837 984 3900 justicium
996 3837 1048 3886 sine
1057 3835 1177 3885 dilecione
1188 3837 1293 3898 sociatis,
1305 3836 1331 3884 in
1342 3837 1459 3885 omnibus

401 3910 575 3954 conserpentes
591 3904 720 3953 libertates
736 3903 899 3963 omnimodas,
916 3903 990 3965 juxta
1007 3902 1113 3950 formam
1131 3903 1265 3952 Carterum
1281 3916 1385 3950 suerum
1396 3917 1459 3963 quos

402 3969 499 4020 habent
509 3970 542 4019 de
553 3968 772 4018 Predeeessoribus
783 3967 876 4016 uostris
888 3971 915 4016 et
926 3968 957 4016 de
969 3966 1125 4017 uobis-iol.
1139 3963 1191 4017 13³2.

369 4053 423 4103 'lire
446 4051 517 4101 Prior
534 4049 642 4114 [Robert
657 4047 785 4110 lissacreJ,
802 4047 1033 4098 excommunicatori
1057 4048 1186 4112 “propter
1207 4046 1405 4098 inobedieneiam
1432 4051 1460 4097 et

402 4116 562 4166 mmiiestam
572 4115 716 4174 offensam,”
728 4113 757 4165 17
771 4112 859 4177 Sept,⁴
872 4115 951 4174 12593
968 4113 1013 4162 the
1024 4113 1146 4163 sentence
1158 4128 1207 4162 was
1219 4111 1352 4176 published
1369 4113 1396 4162 iu
1411 4112 1456 4162 the

403 4180 611 4245 Chapter-Hense
629 4179 656 4228 or
672 4180 836 4240 launeeston,
848 4193 881 4227 on
898 4178 942 4228 the
960 4177 1041 4240 luth?
1052 4178 1086 4244 by
1097 4179 1141 4228 the
1153 4178 1235 4227 Priore
1246 4177 1273 4226 oi
1284 4177 1391 4227 Bodmin
1408 4178 1459 4227 and

306 4319 313 4350 ¹
332 4320 380 4369 Pre
426 4318 469 4379 'to,
485 4317 570 4368 Olioer.
897 4313 908 4345 ⁴
925 4314 965 4363 die
978 4315 1098 4364 Mercurii
1109 4319 1167 4378 post
1177 4315 1281 4365 Festum
1290 4312 1460 4364 Exalmeionis

307 4384 364 4444 ’et
397 4383 462 4432 lim.
747 4397 751 4404 ·
930 4381 1021 4430 Sancte
1037 4379 1131 4430 Crucis

302 4445 605 4510 'inomnidbominis
618 4445 704 4498 Olioer.
898 4442 965 4494 ldie
977 4443 1211 4496 Jorisinerastino.
