3242 5100
301 485 375 561 330
538 512 616 565 rus
637 510 816 565 usersrau
839 508 887 565 os
907 507 1049 564 messor
1069 508 1215 575 omum.

304 660 459 749 Glusney‚
473 685 521 730 soe
535 664 681 742 Tremur‚
696 663 825 730 Walter
844 663 884 728 de
896 687 904 743 ;
927 660 1012 727 129b.
1057 661 1141 746 [The
1163 662 1334 749 following
1356 662 1451 729 Ordi-

390 770 493 816 nance
503 750 539 816 oi
553 750 677 838 Bishop
687 751 801 831 Quivil
819 749 988 834 (Arctiooe
1000 747 1040 834 of
1048 747 1099 814 tie
1110 749 1208 815 Dson
1219 749 1293 816 und
1303 749 1452 836 chapter,

391 835 425 900 N
427 858 454 902 o.
472 838 579 920 1006),
594 839 665 903 itis
680 837 717 903 oi
735 836 833 902 much
849 836 987 903 interest
1002 835 1068 900 and
1082 835 1284 921 importance
1294 860 1345 901 :-

367 937 497 990 Univerais
508 945 636 1004 presentes
648 941 744 991 literas
755 940 904 1004 inspecturis
915 941 1014 1000 Petrus,
1026 939 1187 989 miseracione
1203 938 1294 990 Divina
1305 939 1452 990 lixonionsis

400 1004 545 1068 Episcopus,
568 1006 676 1056 salutem
698 1006 725 1055 in
747 1005 857 1055 Domino
873 1004 1279 1067 sempiternamePlantucicnem
1301 1003 1452 1054 laudabilem

418 1085 477 1119 uam
488 1071 515 1120 in
526 1076 582 1120 orto
599 1071 647 1120 Dei
663 1069 853 1134 Genetricisque
868 1085 920 1128 sue,
932 1083 1028 1118 necnon
1045 1068 1146 1132 gloriosi
1163 1069 1272 1119 Murdris
1287 1074 1314 1119 et
1324 1068 1451 1118 Pontificis

399 1083 503 1212 ibonis,
525 1135 782 1250 'iidnffloyffid
795 1134 929 1195 inchoavit,
946 1139 979 1247 teet
1006 1133 1078 1246 qussii
1105 1134 1295 1248 etgrnrsummavig,
1323 1134 1451 1248 ἛΙςὶιὶιι

399 1212 518 1324 ine'moq?
531 1207 619 1327 ut,[Eo
636 1201 950 1339 (ιοιι1ιίιιιιριῗὲιιιοΐοιιιιιιῖἶΙ
962 1213 1137 1326 orpuulibriism
1153 1213 1336 1312 difficlis
1352 1214 1453 1322 tsiiiuiti

401 1334 512 1390 proerct
527 1331 626 1380 tructam
647 1329 733 1389 bonos,
750 1329 906 1392 spiritualem
928 1328 1017 1386 erdem,
1037 1328 1111 1390 juxta
1133 1327 1247 1390 ejusdem
1269 1327 1452 1378 Predeoessoris

401 1393 481 1442 nosti
492 1400 642 1459 conceptum
652 1394 711 1444 licat
721 1409 771 1443 non
783 1393 923 1456 perlectum
935 1391 1098 1456 propositum,
1107 1391 1267 1456 Propositum
1277 1392 1453 1456 deputandum

400 1457 528 1519 duximus,
540 1460 691 1518 ortolanum,
702 1457 844 1522 agricolam,
855 1473 899 1507 seu
911 1457 1034 1517 colonum,
1048 1456 1208 1520 provisurum
1220 1462 1247 1506 at
1257 1463 1381 1518 acturum,
1393 1472 1452 1507 cum

401 1521 450 1572 Dei
471 1524 605 1587 adjutorio,
624 1539 657 1574 ne
674 1524 857 1587 plantacionem
876 1521 1023 1585 hujusmodi
1042 1521 1148 1584 dissipet
1166 1521 1206 1572 vel
1222 1526 1335 1572 conterat
1355 1522 1453 1571 novella

400 1601 516 1651 propago,
524 1594 570 1639 aut
580 1593 761 1638 succrescentes
772 1587 874 1648 surculi,
886 1585 1105 1636 lmndesoentesin
1116 1586 1233 1648 vetitum,
1242 1586 1453 1650 impedimentum

399 1654 579 1764 quodcumque
601 1658 714 1718 prestant
734 1651 831 1702 fructui
850 1649 1173 1712 memorato-Iaudabils,
1197 1651 1282 1714 igitur,
1305 1651 1367 1701 dicti
1395 1652 1453 1701 Pre-

417 1718 533 1766 eoessoris
549 1718 707 1782 propositum
719 1716 879 1767 laudabiliter
895 1715 1012 1779 prosequi
1028 1719 1177 1779 satagentes,
1189 1717 1373 1766 considerantes
1384 1717 1453 1778 quod

401 1780 511 1831 Ecclesia
528 1784 556 1832 in
577 1782 722 1847 supradicto
739 1783 794 1831 loeo
816 1781 924 1831 fundata
941 1795 993 1830 non
1015 1780 1142 1830 modicum
1164 1780 1244 1831 distat
1264 1781 1297 1830 ab
1319 1781 1454 1830 Exoniansi

400 1845 517 1908 Mesia,
535 1863 626 1911 sponsa
643 1851 737 1908 nosne,
756 1846 790 1895 ob
808 1846 877 1910 quod
898 1845 1013 1908 regimini
1035 1850 1063 1895 et
1084 1845 1232 1895 comestioni
1250 1845 1328 1909 ipsius
1351 1845 1404 1895 Nos
1425 1851 1452 1895 at

399 1910 558 1961 Successores
576 1913 656 1962 nostri
678 1911 841 1975 personaliter
862 1910 946 1959 minus
1026 1923 1102 1959 umus
1128 1909 1322 1972 providere-de
1349 1925 1452 1960 sunau

400 1975 511 2052 Capituli
522 1977 601 2026 nostri
614 1975 954 2039 Exoniensis-Prepoaitum
964 1975 973 2023 i
991 1976 998 1986 '
1013 1978 1135 2037 perpetuo
1146 1974 1266 2024 duximus
1276 1975 1452 2036 ordinandum,

399 2054 445 2102 qus
456 2056 501 2102 per
511 2041 564 2090 Nos
574 2045 602 2090 et
612 2041 770 2091 successores
781 2044 879 2089 nostros
896 2039 1061 2102 proiciendus
1077 2039 1104 2087 in
1115 2039 1169 2116 ipsa
1181 2039 1297 2100 Ecclesia,
1308 2039 1452 2103 juramento

399 2105 518 2154 eetrictm
533 2105 693 2170 corporaliter
711 2105 824 2169 prestito,
836 2105 863 2153 in
883 2103 977 2154 ordine
993 2103 1132 2153 Secerdocir
1150 2103 1312 2165 coustitutum,
1329 2119 1374 2167 per
1389 2105 1453 2154 dues

399 2173 484 2283 ΕΜ
505 2169 572 2232 anni,
591 2170 711 2220 continere
732 2169 773 2218 vcl
794 2167 973 2232 interpolatim,
996 2168 1159 2217 rasidenciam
1181 2168 1257 2218 iaciat
1350 2169 1452 2229 nalem;

432 2233 533 2284 bitume
543 2239 571 2284 et
581 2235 749 2284 excercitums
760 2234 786 2282 in
797 2231 895 2283 omnes¹
913 2231 1049 2282 (lauonieos
1066 2236 1092 2281 et
1109 2232 1217 2282 Clericos
1293 2233 1342 2283 asie
1359 2249 1453 2282 memo·

400 2303 455 2347 rate
475 2299 677 2363 jurisdicoicnem
704 2305 731 2348 et
753 2298 802 2347 alia
824 2313 873 2360 que
894 2297 927 2346 sd
948 2297 1126 2346 comecionem
1148 2311 1248 2346 morum
1270 2298 1405 2361 pertinent,
1428 2302 1455 2347 et

401 2363 512 2426 regimen
538 2365 686 2425 animarum,
707 2370 783 2426 prout
810 2363 887 2411 hebet
910 2361 938 2410 in
960 2361 1099 2411 Canonicos
1124 2365 1150 2410 et
1174 2361 1280 2412 Clericus
1305 2362 1453 2412 Exonienais

402 2427 511 2478 Ecclesia
527 2429 643 2479 Decanus
659 2429 782 2492 ejusdem,
797 2432 829 2476 ut
844 2428 920 2490 juxte
934 2425 1106 2490 possibilitatis
1122 2441 1167 2476 sue
1184 2425 1317 2477 modulum
1333 2431 1454 2490 sequatur

401 2491 466 2542 Filia
488 2491 598 2544 Matrem
619 2508 713 2552 suam3
740 2491 871 2557 presertim
893 2505 952 2540 cum
974 2490 1115 2555 sepedictus
1143 2491 1304 2541 Predeoem
1324 2491 1351 2540 in
1373 2491 1454 2555 prima

401 2558 551 2609 fundacione
573 2559 651 2622 ipsius
673 2558 782 2608 Ecclesia
804 2558 836 2607 de
858 2558 983 2620 Glusueye
998 2556 1034 2605 sic
1056 2556 1158 2606 duxerit
1173 2556 1359 2617 ordinandum
1375 2557 1453 2607 medi·

401 2626 494 2685 tantas,
512 2629 606 2685 autam,
625 2623 776 2699 profundius
792 2638 824 2671 ne
841 2626 980 2671 memorata
998 2619 1126 2670 Plantacio
1148 2620 1174 2669 in
1199 2621 1246 2671 bac
1267 2637 1314 2670 sua
1335 2622 1454 2683 novitate,

402 2687 568 2750 priusquam
583 2688 678 2737 radices
693 2687 782 2737 inserit
802 2686 910 2747 altiores,
933 2686 1130 2747 adversancium,
1148 2688 1180 2735 ut
1201 2684 1255 2735 lieri
1277 2686 1375 2745 assolet,
1397 2700 1455 2735 con·

402 2751 515 2801 cuciatur
525 2753 669 2812 insultibus,
681 2756 727 2801 aut
742 2751 855 2801 hostium
872 2750 1008 2799 eumedium
1019 2765 1063 2799 seu
1075 2750 1244 2813 spiritualium
1260 2750 1358 2800 insidiis
1368 2749 1457 2801 molas·

402 2820 479 2866 tetur.
514 2818 683 2868 consideratis
694 2814 798 2865 Domini
808 2815 930 2864 willelmi
946 2815 978 2863 de
994 2814 1119 2879 Bodrigan
1136 2814 1219 2878 quoad
1235 2830 1314 2879 gensis
1325 2814 1457 2865 nobilitate

403 2886 431 2929 st
441 2882 578 2932 amicorum
589 2882 711 2945 potencia,
723 2886 757 2941 et,
776 2880 845 2943 quod
860 2880 943 2943 majus
959 2884 1005 2939 est,
1018 2880 1205 2929 conversacione
1221 2880 1349 2943 laudabili,
1360 2896 1456 2931 necnon

403 2960 503 2996 morum
522 2947 647 3010 probitate
670 2946 830 3005 multimoda,
852 2945 936 3007 ipsum
953 2944 980 2993 in
997 2944 1156 3007 Prepositum
1178 2945 1328 3009 prefecimus
1347 2946 1456 2995 Ecclesia

402 3015 560 3071 memorate;
585 3012 741 3073 ιιιιιίςιιιιιιῐω
757 3009 840 3058 eidem
856 3010 882 3057 in
907 3012 993 3058 nostra
1014 3024 1119 3072 peram
1137 3009 1236 3073 propria
1257 3009 1409 3073 principalia,
1429 3011 1456 3059 in

404 3075 488 3125 choro
504 3076 616 3136 stallum,
628 3080 655 3125 ct
671 3075 699 3124 in
714 3074 832 3138 Capitulc
850 3073 990 3123 sessionem.
1033 3074 1068 3121 Et
1083 3073 1211 3136 quoniam,
1222 3078 1254 3123 ut
1268 3075 1391 3137 seriptum
1407 3080 1453 3135 est,

404 3155 432 3189 os
443 3140 502 3189 bovi
516 3141 649 3189 trituranti
665 3140 809 3189 nullatanus
826 3142 865 3188 est
882 3138 1043 3201 elligendum,
1054 3141 1081 3186 et
1097 3138 1120 3186 ei
1137 3139 1272 3188 tribuenda
1287 3140 1377 3188 meritc
1393 3145 1456 3189 sunt

404 3206 551 3268 temporalia
567 3206 612 3269 qui
627 3204 767 3267 spiritualia
787 3204 902 3264 seminat,
919 3202 1031 3265 predicto
1052 3202 1185 3263 willelmo,
1203 3202 1340 3267 Proposito,
1357 3208 1384 3253 et
1400 3219 1454 3253 suc·

404 3270 543 3319 censoribus
559 3270 619 3330 suis,
638 3285 667 3318 ac
683 3269 843 3331 Prepesiture
859 3267 993 3327 antedicte,
1006 3266 1142 3317 Ecclesium
1161 3267 1248 3317 Sancti
1262 3268 1346 3330 Probi,
1363 3284 1413 3332 que
1424 3284 1456 3319 ax

405 3334 541 3383 donacione
551 3339 638 3383 nostra
648 3334 742 3393 existit,
751 3334 875 3396 cujusque
884 3334 975 3382 Rectcr
982 3332 1104 3395 quasdam
1113 3332 1244 3382 Porciones
1252 3332 1330 3397 ipsius
1339 3332 1455 3395 Ecclesia,

405 3398 547 3448 Prsbendas
564 3408 671 3460 vocaus,
689 3398 802 3447 conterre
821 3398 924 3459 solebat,
938 3412 996 3445 cum
1013 3396 1148 3446 neuneu
1167 3397 1234 3461 ipsis,
1250 3412 1327 3460 quam
1344 3398 1456 3475 primum

403 3464 553 3524 vacarennt,
575 3463 742 3526 omnibusque
756 3462 811 3511 eliis
832 3462 911 3525 ipsius
930 3460 1039 3511 Ecclesia
1061 3462 1224 3524 proventibus
1242 3468 1270 3512 et
1288 3462 1456 3526 pertinenciis,

402 3544 455 3579 una
470 3543 529 3578 cum
545 3528 663 3578 domibus
684 3543 747 3591 quas
770 3526 922 3575 inhabitsvit
943 3526 1068 3576 Dominus
1089 3528 1201 3591 Rogemus
1222 3528 1254 3576 de
1275 3526 1368 3577 Sanno
1391 3528 1456 3577 (ion-

403 3593 523 3655 stsntinc,
534 3593 670 3657 aliquando
686 3591 828 3643 Quonicua
844 3590 952 3641 Ecclesie
968 3590 1000 3640 ds
1017 3591 1142 3656 Glasneya
1156 3591 1306 3655 supradicte,
1323 3607 1455 3656 quousque

402 3658 516 3709 meliores
542 3663 571 3708 et
596 3658 705 3723 apcicres
726 3657 814 3706 domos
842 3655 1003 3719 prebendalss
1024 3656 1118 3707 ibidem
1140 3656 1282 3706 mcavmint
1303 3672 1366 3721 quas
1387 3657 1455 3707 idem

402 3723 548 3788 Psepcsitns
572 3722 674 3774 durent
693 3721 993 3786 ccoeptandas-exoepta
1019 3720 1123 3782 liseria,
1143 3735 1221 3784 quam
1242 3720 1269 3770 in
1290 3721 1404 3772 inirasui
1421 3721 1455 3770 tis

403 3787 566 3839 Porciom'btu
587 3788 722 3838 conmisso
743 3786 1015 3849 volumus-perpetuo
1030 3785 1151 3835 duximus
1169 3784 1359 3837 adnectandam.
1418 3786 1454 3836 cl-

402 3866 486 3915 umus,
506 3856 599 3913 autem,
616 3852 740 3902 vicariam
761 3850 899 3915 predictam
921 3850 1054 3900 consistere
1075 3850 1102 3899 in
1129 3853 1185 3901 toto
1211 3850 1236 3899 al
1303 3850 1327 3900 'o
1343 3850 1455 3901 Minicia

404 3917 516 3968 Ecclesie
534 3916 645 3981 predicte
660 3921 687 3967 et
709 3915 867 3979 Oapcllarum
883 3914 1006 3979 ejusdem,
1030 3928 1059 3964 ac
1081 3913 1160 3964 οιιίιιιιι
1184 3914 1233 3964 Pre
1372 3930 1456 3977 ,cum

404 3997 447 4031 eas
464 3997 551 4034 vacare
567 3981 719 4045 contigerit:
736 3979 847 4042 habebit,
864 3979 949 4040 eciam¹
967 3978 1035 4029 idem
1051 3978 1164 4029 liparim
1183 3980 1296 4041 domum,
1314 3994 1373 4029 cum
1389 3984 1456 4030 tem

404 4046 438 4097 ad
454 4047 561 4097 eandem
577 4046 726 4110 pertinente,
737 4060 815 4108 quam
831 4044 942 4107 primum
952 4044 1102 4105 racarmint,
1113 4057 1164 4106 que
1179 4059 1249 4094 nunc
1264 4048 1326 4094 sunt
1341 4044 1456 4109 Magistri

406 4109 522 4161 Nicholai
529 4112 562 4161 da
569 4112 707 4175 Psyntcne,
716 4114 744 4159 et
751 4125 801 4172 quc
806 4110 883 4159 locari
893 4112 1074 4159 consueverant
1083 4108 1285 4159 consencicnarie
1293 4124 1337 4173 pro
1346 4112 1456 4173 quatuor

407 4176 493 4227 solidis
516 4176 665 4228 annuatim
691 4175 802 4236 habebit,
827 4174 937 4237 insuper,
960 4187 1120 4224 communem
1136 4177 1239 4238 pastura
1254 4174 1282 4224 in
1303 4178 1374 4224 vasto
1390 4173 1456 4224 Villa

310 4368 394 4423 ¹m0
415 4370 485 4422 vore
507 4366 633 4435 ‘'imm‘’
653 4368 699 4421 ta
721 4368 785 4419 seen
805 4365 1007 4419 mecaenat
1023 4366 1156 4419 “omna”
