3242 5100
437 469 488 532 ot
514 470 656 533 Bienor
680 469 961 534 amusscouas.
1233 449 1278 529 11

121 634 148 683 in
164 635 241 684 Festo
260 634 347 684 Sancti
362 633 503 694 Michaelis,
519 634 598 682 donec
612 633 693 682 eidem
711 633 814 682 uberius
828 633 976 682 duxerimus
994 632 1194 695 providendum
1210 631 1278 680 miro

121 700 191 762 quod
212 700 246 747 ad
268 699 409 748 uberiorem
426 698 595 761 provisionem
617 703 755 746 memorato
772 699 918 747 Girarducio
940 698 1080 746 taciendam
1100 713 1144 760 per
1166 697 1276 760 aliquem

122 764 245 827 compelli,
264 769 350 812 contra
367 763 528 812 voluntatem
548 768 666 824 nostram,
681 763 826 812 nullatenus
841 764 1041 812 valeamus-In
1058 763 1132 826 cujus
1150 762 1187 810 rei
1205 760 1277 810 testi·

122 830 238 877 monium
259 827 418 891 presentibus
437 828 528 876 Litoris
547 828 657 890 sigillum
676 833 791 876 nostrum
808 828 946 876 direximus
964 827 1278 891 apponendum-Datum

124 893 263 953 londonie,
272 893 314 941 die
325 891 428 940 Veneris
438 893 551 954 proxima
561 899 621 941 ante
631 892 797 942 Nativitatem
805 893 877 942 Beati
885 893 1007 942 Jobannis
1016 892 1130 955 Baptista
1141 891 1181 952 [21
1190 889 1276 950 Junel,

124 961 200 1007 Anno
211 958 301 1046 Grscie
312 958 352 1006 lt⁰
362 959 416 1008 00⁰
425 958 479 1006 1:¹³⁰
486 963 573 1006 octavo
583 970 589 1012 ;
615 955 650 1006 ib.

432 1024 448 1053 e
614 1022 629 1053 e

794 1020 809 1045 θ
973 1020 987 1045 Ι
1150 1019 1165 1045 G

157 1089 233 1136 Anno
245 1092 273 1136 et
283 1087 324 1136 die
340 1086 433 1136 eisdem
448 1086 474 1144 (x
491 1087 617 1135 Kalendae
629 1086 692 1134 Julii
709 1086 746 1134 ic.
767 1087 798 1134 22
815 1087 892 1148 June,
904 1087 987 1147 1258),
1005 1087 1140 1146 londonie,
1159 1085 1279 1148 Magister

125 1151 343 1216 B[artholomeua]
355 1153 387 1200 de
404 1151 522 1200 lardario
538 1151 632 1214 recepit
648 1166 726 1200 unem
744 1151 945 1214 procuracionem
961 1152 1102 1214 generalem
1117 1151 1146 1200 in
1161 1150 1279 1199 omnibus

125 1217 207 1266 musis
216 1223 244 1264 et
251 1217 358 1279 negociis
368 1215 471 1264 Domini
482 1216 606 1279 Episcopi,
619 1231 696 1264 manu
707 1231 753 1264 sue
765 1217 864 1279 propria
870 1217 997 1278 scriptam,
1008 1232 1068 1265 cum
1078 1220 1203 1279 potestate
1214 1231 1279 1264 com·

124 1283 237 1345 ponendi
249 1287 277 1330 et
288 1280 448 1344 transigendi.

159 1349 233 1395 Anno
253 1347 348 1404 eodem,
368 1346 405 1408 iiij
423 1345 508 1394 Nonae
526 1345 589 1394 Julii
603 1345 629 1405 (4
649 1343 732 1408 July),
749 1345 866 1405 Parisios,
885 1346 996 1408 precepit
1014 1345 1139 1394 Dominus
1155 1359 1278 1408 apponere

122 1412 324 1524 flgfflftffi
339 1409 550 1524 imfffflium
564 1411 591 1522 {n
609 1410 759 1486 tranacripto
775 1409 916 1459 Lites-arum
936 1411 1014 1459 trium
1032 1411 1163 1474 Pepalium
1176 1408 1280 1459 Roberti

218 1493 250 1524 ru
326 1491 406 1523 uriam
456 1490 554 1522 manem
576 1490 773 1523 mnamrssanum

159 1545 233 1590 Anno
245 1541 341 1598 eodem,
352 1540 396 1603 viij
410 1540 471 1588 idua
487 1540 504 1588 J
507 1540 550 1586 ulii
565 1541 591 1599 (8
608 1538 624 1586 J
628 1539 689 1602 uly),
701 1540 817 1600 Parisios,
833 1539 938 1588 libamta
949 1540 1001 1588 fuit
1011 1541 1121 1603 quedam
1137 1539 1279 1603 procuraeio

122 1606 248 1667 generalis
267 1611 294 1653 et
316 1605 394 1652 libem
408 1604 489 1653 eidem
510 1605 629 1666 Magistro
653 1603 902 1664 Bartholomeo,-ad
920 1607 1053 1667 agendum,
1072 1603 1280 1667 componendum,

124 1671 319 1734 transigendum
327 1670 354 1718 in
363 1669 480 1718 omnibus
488 1669 568 1717 musis
580 1668 682 1716 Domini
691 1669 815 1731 Episcopi,
823 1673 850 1717 et
856 1671 934 1717 eciam
943 1671 975 1718 ad
984 1670 1192 1719 substituendum
1203 1668 1281 1716 alium

123 1741 315 1800 procuratorem
328 1751 334 1782 :
350 1739 377 1782 et
387 1737 427 1782 est
436 1733 529 1796 scripte
538 1749 613 1780 manu
625 1733 740 1796 ejusdem
752 1734 781 1781 B.

158 1802 235 1849 Anno
252 1800 348 1858 eodem,
360 1799 385 1862 vj
405 1799 466 1846 Idus
485 1796 549 1846 Julii
568 1798 611 1859 (10
629 1798 710 1861 tuly),
726 1799 846 1858 Magister
862 1799 890 1846 B.
910 1800 1003 1862 recapit
1014 1799 1124 1848 Parisios
1135 1813 1213 1847 unam
1223 1813 1280 1860 pro·

124 1865 285 1915 curacionam
296 1863 443 1926 generalem,
456 1863 574 1926 scriptam
586 1878 662 1911 manu
674 1879 726 1920 sua
738 1863 764 1911 in
775 1863 893 1911 omnibus
904 1863 984 1912 musis
994 1869 1023 1912 et
1032 1864 1141 1926 negociis
1151 1863 1260 1912 Domini.

161 1933 236 1979 Anno
247 1929 344 1987 eodem,
353 1929 405 1990 xvij
419 1927 543 1976 Kalendae
550 1927 661 1990 Angtrati
670 1929 710 1986 (16
722 1928 739 1976 J
741 1927 802 1990 uly),
815 1928 932 1987 Parisino,
943 1928 1025 1977 exivit
1036 1928 1120 1977 Litera
1127 1928 1282 1987 excitatoria,

124 1994 271 2054 monitoria,
290 1999 317 2042 ct
333 1992 528 2052 comminatoriis
547 2008 591 2056 pro
607 1993 722 2041 Johanne
738 1993 842 2050 Ciceore,
857 1993 975 2051 Parisios,
991 1994 1087 2042 directa
1101 1993 1281 2042 Arcbidiacono

123 2060 253 2118 Tottonie,
273 2062 362 2106 contra
384 2057 532 2116 iohannem,
551 2058 680 2106 Rectorem
698 2057 806 2104 Ecclesia
826 2057 859 2105 da
869 2057 1041 2118 widecumbe,
1056 2059 1089 2107 de
1107 2057 1170 2122 xviij
1191 2057 1280 2106 mercis

124 2141 191 2189 quos
202 2124 287 2172 eidem
297 2123 427 2171 mutuavit
437 2121 553 2180 Parisios,
564 2122 601 2184 xij
615 2122 687 2170 annis
699 2122 794 2184 elapsis

159 2191 237 2238 Anno
252 2188 347 2246 eodem,
364 2187 383 2250 ij
401 2185 526 2235 Kalendas
545 2186 657 2248 Augusti
669 2186 709 2246 (31
728 2187 808 2249 dub),
827 2187 921 2250 recepit
937 2188 976 2236 W.
992 2189 1025 2236 de
1045 2187 1153 2250 Capella,
1169 2187 1279 2246 clericus,

126 2255 248 2310 Par-icius,
268 2253 353 2300 literas
369 2256 536 2300 mercatorum
553 2251 755 2300 Florentinorum
772 2253 804 2300 ad
827 2252 997 2314 recipiendum
1013 2254 1046 2301 da
1060 2267 1146 2300 eorum
1162 2252 1281 2300 societate

124 2321 152 2368 in
172 2318 251 2368 Curia
271 2318 383 2366 Romana
405 2316 432 2365 C.
451 2316 682 2364 marma-Eodem
700 2315 748 2374 die,
763 2316 865 2376 ibidem,
884 2313 979 2379 recepit
997 2318 1082 2365 literae
1102 2317 1282 2380 procuratorias

126 2383 233 2433 Domini
251 2383 285 2431 ad
301 2380 498 2430 contrabendum
515 2385 635 2429 mutuum
652 2395 732 2443 usque
745 2381 777 2429 ed
792 2397 918 2430 summam
934 2382 1119 2445 quinquaginta
1133 2397 1279 2430 marcarum.

160 2451 237 2497 Anno
247 2451 275 2496 et
285 2447 327 2495 die
335 2446 435 2506 eisdem,
442 2445 536 2508 recepit
543 2445 603 2494 alias
611 2445 696 2494 literae
707 2446 896 2508 procurswries,
907 2448 940 2494 ad
948 2447 1147 2496 contrahendum
1163 2451 1283 2495 muttrum

127 2515 176 2564 11¹⁸
187 2525 399 2575 mercatumque
516 2525 583 2559 anuo
602 2510 716 2560 revoluto
732 2510 832 2560 reddite
848 2510 954 2560 luerunt
968 2511 1086 2573 Domino,
1105 2511 1241 2573 londonie,
1254 2511 1281 2560 in

126 2579 244 2629 sbseneia
252 2577 368 2640 ejusdem
379 2576 409 2623 W
423 2575 527 2635 illelmit

162 2646 238 2692 Anno
249 2648 277 2690 et
286 2642 328 2690 die
346 2642 440 2689 eisdem
453 2640 548 2703 recepit
562 2640 647 2688 literas
663 2640 845 2703 procuratorias
859 2641 987 2703 predictus
1002 2642 1143 2691 willelmus
1153 2642 1186 2690 ad
1201 2642 1279 2704 impe·

128 2708 260 2767 umdum,
271 2706 500 2763 contradicendum,
513 2710 539 2753 et
549 2705 756 2755 substituendum
773 2706 800 2754 in
813 2706 889 2755 Glrria
900 2708 1018 2755 Romana.

162 2774 238 2821 Anno
247 2776 274 2821 et
284 2771 325 2819 die
335 2770 437 2832 eisdem,
445 2770 547 2830 ibidem,
558 2770 668 2819 reddidit
679 2770 806 2833 predictus
818 2771 1047 2834 Willelmuasigilla
1054 2771 1157 2820 Domini
1164 2771 1280 2834 Episcopi

127 2839 155 2887 in
163 2852 255 2886 manus
263 2852 329 2896 suas,
338 2835 454 2895 Pan'sius,
462 2840 489 2883 et
496 2835 546 2883 iter
553 2834 698 2897 arripuitad
706 2835 809 2884 Curiam
820 2836 959 2885 Romanam
971 2851 978 2895 ;
998 2840 1026 2885 et
1033 2836 1195 2899 postmodum
1205 2837 1281 2884 rediit

127 2904 155 2951 in
162 2902 255 2964 Vigilia
265 2900 444 2963 Apostolorum
452 2899 521 2947 Petri
531 2904 558 2947 et
568 2899 641 2947 Pauli
650 2900 691 2959 (28
700 2900 786 2959 June),
798 2900 867 2963 apud
879 2899 1025 2961 tloralegbe.
1035 2906 1069 2959 et,
1081 2902 1195 2949 revoluto
1205 2916 1278 2960 anno,

127 2968 155 3017 in
164 2968 240 3015 Festo
249 2964 437 3028 Anumpciouis
443 2963 534 3013 Sancte
543 2964 620 3013 uarie
630 2964 671 3023 (15
680 2965 745 3027 Aug.
750 2964 766 3024 l,
777 2966 871 3028 recepit
877 2966 982 3014 totalem
988 2966 1126 3028 sigillorum
1133 2966 1280 3014 cuamdiam.

162 3034 238 3081 Anno
245 3030 341 3086 eodem,
351 3029 392 3078 die
399 3028 547 3078 Nativitrtis
554 3029 630 3077 Beate
635 3029 712 3078 Mar-ie
720 3030 744 3089 (8
750 3030 838 3093 Sept),
845 3032 913 3092 apud
920 3030 1077 3079 Fermeabom
1084 3030 1282 3090 (Falmeraham),

126 3096 225 3160 recepit
242 3094 383 3143 willelmus
402 3094 435 3142 de
452 3093 603 3154 Petresielle,
623 3094 733 3155 clericus,
745 3096 873 3156 quendam
886 3094 984 3143 literam
1002 3095 1174 3157 obligatoriam
1185 3096 1217 3143 de
1233 3096 1284 3144 11²²

128 3162 220 3210 marcis
231 3175 295 3223 quas
306 3159 431 3209 Dominus
450 3159 482 3207 ab
501 3174 531 3207 eo
549 3158 643 3221 recepit
663 3164 760 3220 mutuo,
777 3159 909 3208 solvendas
926 3160 952 3209 iu
963 3161 1079 3223 sequenti
1096 3160 1172 3209 Festo
1190 3160 1283 3209 Paacbe

128 3228 173 3289 (ra
185 3225 272 3313 sper,
279 3225 352 3283 1259)
367 3240 374 3284 ;
392 3220 451 3311 41³.⁴
791 3290 806 3319 ι
968 3290 983 3320 0
1146 3286 1160 3313 ⁴

613 3286 629 3311 f

161 3357 237 3405 Anno
253 3354 349 3414 eodem
367 3353 394 3401 in
411 3352 519 3401 crmtino
538 3352 624 3402 Sancti
642 3352 769 3402 Michaelis
784 3353 827 3413 [30
847 3354 915 3417 Sept
933 3354 1014 3415 12581,
1031 3354 1143 3403 inhibuit
1159 3354 1283 3403 Dominua

129 3421 271 3484 Episcopus
282 3434 326 3482 per
339 3419 434 3467 Literna
445 3434 503 3466 suae
514 3419 640 3477 Potentes,
652 3424 797 3466 executores
806 3417 870 3467 bone
886 3419 1004 3467 memorie
1017 3420 1123 3479 Ricardi,
1137 3420 1283 3467 Exonienais

129 3486 255 3549 Episcopi,
267 3482 446 3547 predecessoris
456 3483 503 3541 sui,
515 3498 547 3530 ne
558 3483 589 3531 ad
603 3482 805 3531 distr-[bucionem
825 3484 949 3532 bonorum
959 3484 1037 3546 ipsius
1049 3484 1191 3546 procedant,
1203 3485 1283 3532 donec

127 3551 288 3599 satisfactum
307 3548 386 3597 fuerit
403 3547 512 3595 Domino
532 3548 598 3609 Papa
620 3554 647 3595 et
666 3548 774 3595 Domino
798 3549 858 3610 Regi
879 3564 955 3611 super
973 3548 1065 3597 debitis
1084 3549 1146 3598 dicti
1163 3549 1237 3611 Regis
1259 3554 1286 3597 at

127 3615 233 3665 decimis
244 3614 326 3663 eidem
335 3613 398 3676 Regi
406 3612 533 3671 concessis,
545 3612 660 3660 videlicet
667 3628 745 3675 usque
754 3612 785 3660 nd
794 3628 920 3661 summam
928 3614 1129 3676 octingentorum
1137 3628 1285 3674 morcarum,

128 3685 198 3729 nont
208 3678 360 3727 solucionem
371 3678 403 3727 de
414 3677 514 3740 proprio
525 3678 628 3725 evadere
640 3677 765 3726 voluerint
778 3695 783 3727 ι
799 3682 827 3727 et
837 3677 932 3727 medita
944 3678 995 3727 luit
1005 3678 1088 3728 Litcra
1104 3679 1171 3741 apud
1181 3679 1284 3727 Sarrum

129 3744 252 3808 Magistro
258 3742 373 3840 ‘Jobanni
383 3741 569 3836 filio'Roberti3
587 3743 628 3837 5..
1148 3809 1162 3839 .

164 3874 239 3923 Anno
250 3874 344 3933 eodem,
356 3872 398 3921 die
413 3870 518 3920 Veneris
534 3871 648 3934 proxime
664 3876 721 3934 post
738 3871 941 3921 Purificacionsm
953 3873 1030 3922 Beate
1043 3873 1153 3936 Virginis
1169 3872 1195 3935 [7
1213 3874 1281 3932 sab,

131 3938 243 3999 1ἳ58-9],
265 3937 390 3987 emanavit
411 3937 497 3985 litera
514 3936 616 3985 Domini
635 3936 756 3999 Episcopi,
776 3937 876 3985 Decano
900 3942 927 3986 et
951 3938 1131 3987 Archidiaoono
1149 3938 1285 3987 Exonienai

130 4005 235 4063 directa,
249 4003 324 4067 qnod,
347 4000 503 4065 competenti
525 4000 663 4049 monicione
682 4001 808 4063 premissa,
828 4002 928 4065 puplice
947 4018 975 4051 ac
996 4003 1169 4066 sollempniter
1187 4018 1285 4053 excom·

130 4068 254 4118 municari
265 4069 376 4117 iacerent
389 4082 478 4116 omnes
494 4065 550 4114 iilos
567 4066 611 4127 qni
630 4070 714 4128 preter
730 4066 907 4116 conscienciam
927 4072 955 4116 et
971 4069 1120 4117 mandatum
1139 4068 1286 4117 venerabilia

130 4134 222 4187 Patria.
235 4133 340 4191 Ricardi,
355 4130 536 4195 predecessoris
546 4130 585 4178 sui
593 4130 714 4187 defuncti,
726 4146 801 4193 aupcr
813 4132 994 4181 Collacionibua
1006 4132 1187 4181 Beneficiomm
1195 4138 1221 4182 et
1232 4134 1287 4181 aliia

129 4198 208 4248 rebus
218 4197 385 4262 disponendis,
396 4196 447 4245 sub
458 4196 561 4244 nomine
571 4195 684 4243 defuncti
700 4195 796 4244 Literaa
807 4196 973 4257 dictaverunt,
984 4198 1145 4261 scripserunt,
1159 4198 1287 4260 consigna·

35 4274 40 4283 ¹
130 4270 201 4323 runt,
220 4264 401 4325 consignaeioni
426 4260 604 4309 fraudulenter
629 4266 815 4321 consenserunt,
834 4266 861 4311 at
877 4262 955 4310 eciam
970 4262 1015 4324 qui
1032 4262 1180 4324 hujusmodi
1196 4264 1287 4311 Literia

129 4330 239 4379 scienter
255 4334 282 4379 et
297 4329 437 4379 euidenter
454 4326 495 4375 usi
516 4330 580 4375 aunt
599 4325 640 4373 vel
658 4328 773 4383 utentur,
795 4342 933 4389 eorumque
949 4330 1094 4385 sanctorea;
1115 4326 1178 4375 item
1200 4341 1287 4376 omnes

129 4394 189 4446 illos
208 4394 253 4459 qai
270 4394 335 4445 bona
352 4393 434 4459 ipsius
454 4390 580 4456 Episcopi,
600 4389 792 4453 qualiacumque
814 4391 917 4453 luerint,
939 4392 1035 4454 injuste
1053 4395 1221 4452 asportarunt,
1243 4406 1288 4440 eeu
