3242 5100
302 484 374 559 226

537 505 679 559 senor>
696 482 1006 561 neonuscouns’s
1024 505 1224 561 eserenon.

310 660 491 747 Plympton
505 657 854 745 Priory-oontinued.

403 764 1143 893 diffidmieiboiinl‘indipi‘dpffiffll
1163 764 1458 893 {3²¹ssbessss

406 894 514 955 ominus,
531 894 678 943 subdebile
695 894 810 957 ejusdem
829 895 974 957 juramenti,
991 896 1061 958 quod
1079 894 1157 958 aliqui
1167 896 1200 944 de
1210 895 1360 958 supradictis
1377 895 1457 943 nomi·

405 959 486 1009 nstim
503 959 730 1019 excommunicatis,
747 974 805 1007 cum
822 959 947 1021 aliquibus
958 960 991 1008 de
1002 960 1135 1009 conventu
1152 960 1271 1022 predicto,
1288 965 1356 1008 certo
1372 959 1414 1008 die
1424 960 1456 1009 ab

406 1024 495 1073 eodem
507 1024 628 1087 Episcopo
639 1024 780 1083 stetuendo‚
793 1025 973 1086 comparebunt
983 1024 1010 1073 in
1022 1024 1113 1087 Majon'
1123 1024 1233 1073 Ecclesia
1243 1023 1385 1085 Exoniensi,
1397 1039 1457 1074 oum

407 1089 481 1152 plenu
497 1093 622 1152 potestate
638 1088 741 1151 petendi
757 1088 930 1137 Absoluciouis
949 1089 1102 1139 Beneficium
1119 1090 1220 1137 nomine
1236 1090 1413 1152 predictorum,
1430 1093 1457 1138 et

406 1158 495 1217 petant
511 1153 640 1201 humiliter
651 1152 682 1201 ab
694 1169 722 1201 eo
733 1153 829 1202 absolvi
845 1154 870 1202 in
881 1153 963 1202 forms
973 1153 1057 1217 juris;
1073 1154 1149 1216 quod,
1160 1154 1271 1217 quidem,
1284 1154 1457 1203 Absolucionis

408 1218 563 1269 Beneficium
578 1218 646 1266 idem
663 1218 788 1267 Dominus
805 1219 943 1281 Episcopus
953 1218 1083 1282 impendet
1093 1219 1178 1267 talita
1188 1219 1335 1282 requisitus.
1384 1219 1459 1280 Item,

409 1289 535 1347 quantum
551 1284 583 1332 ed
600 1284 725 1343 offensam,
741 1285 931 1343 contumaciam,
943 1287 970 1332 ct
984 1284 1046 1332 elios
1056 1284 1183 1332 Articulos
1194 1284 1363 1332 contenciosos
1379 1283 1458 1347 qusli·

408 1354 557 1411 tersumque
579 1353 661 1396 motos
687 1347 753 1396 inter
777 1347 859 1396 dictos
884 1347 1036 1411 Episcopum
1058 1353 1084 1397 et
1107 1348 1249 1411 Religioeos,
1277 1364 1392 1411 suppono
1419 1364 1460 1397 me

409 1419 437 1463 et
463 1413 543 1462 dictos
571 1413 731 1475 subpriorem
758 1416 785 1461 et
813 1413 980 1473 Conventum,
1007 1413 1177 1476 procuratorio
1204 1413 1312 1473 nomine,
1340 1413 1459 1473 Arbitrio,

411 1477 577 1538 Ordinecioni,
600 1477 759 1539 Diffinieioni,
781 1492 826 1526 seu
855 1478 943 1526 Laudo
966 1476 1131 1526 discretorum
1153 1478 1272 1537 virorum,
1293 1477 1460 1527 Dominorum

411 1542 506 1592 Deceni
533 1542 671 1601 Welleusis,
694 1542 727 1591 H.
747 1542 779 1589 de
797 1543 925 1603 Brattone,
944 1541 1092 1590 Exouiensis
1111 1546 1138 1590 et
1157 1541 1353 1591 Noriolcbiensis
1371 1542 1458 1590 Archi·

410 1608 594 1665 diaconorum3
618 1607 653 1655 ite
675 1607 744 1670 quod
765 1606 821 1669 ipsi,
838 1606 879 1655 vel
899 1606 964 1655 elius
985 1622 1030 1655 seu
1051 1606 1094 1655 alii
1115 1607 1169 1655 loco
1185 1606 1295 1655 absentis
1311 1606 1351 1653 vel
1372 1606 1459 1654 obsen-

366 1708 371 1719 .
409 1674 477 1722 cium
504 1672 677 1734 subrogandus
704 1671 744 1719 vel
771 1672 931 1733 subrogandi,
955 1670 1022 1719 inire
1048 1671 1161 1733 proximo
1189 1674 1326 1719 venturum
1353 1670 1457 1718 Festum

410 1736 578 1787 Exeltscionis
595 1737 686 1785 Sancte
699 1735 785 1784 Crucis
796 1736 839 1797 [14
851 1735 939 1797 Septl,
950 1735 977 1783 in
988 1735 1141 1798 Episcopatu
1156 1734 1299 1795 Exoniensi,
1310 1733 1458 1793 Arbitrium,

409 1801 600 1860 Diffinicionem,
609 1800 805 1859 Ordinsoionem,
813 1816 858 1848 seu
867 1800 984 1849 Luudum
994 1815 1069 1848 snum
1076 1800 1210 1863 proterunt
1244 1798 1279 1847 Et
1289 1797 1410 1861 promitto
1420 1812 1461 1846 me

410 1872 437 1917 et
458 1866 539 1915 dictos
565 1864 727 1928 subpriorem
743 1869 771 1912 et
790 1864 950 1913 conventum
967 1864 1116 1925 Arbitrium,
1139 1863 1329 1923 Diffinicionem,
1351 1862 1456 1911 Ordins·

411 1932 516 1991 cionem,
538 1945 582 1978 seu
600 1929 716 1978 Lsudum
736 1929 913 1992 predictorum,
930 1929 958 1977 in
975 1929 1093 1978 omuibus
1108 1933 1136 1978 et
1152 1944 1197 1992 per
1213 1928 1304 1987 omnin
1326 1927 1375 1976 sub
1396 1942 1462 1989 pens

410 2000 513 2045 centum
524 1994 646 2043 librarum
656 1993 760 2056 argenti,
771 2010 787 2041 e
798 1994 873 2041 Purte
880 1992 1005 2041 renitente
1014 1993 1085 2043 Perti
1094 1993 1160 2043 sture
1171 1992 1266 2042 volenti
1276 1992 1460 2052 solvendarum,

411 2059 504 2125 precise
523 2060 704 2118 observaturos,
722 2058 771 2107 nisi
790 2058 857 2106 inter
871 2057 952 2107 dictos
967 2058 1120 2121 Episcopum
1136 2063 1163 2107 et
1178 2057 1314 2120 Religiosos
1329 2056 1461 2119 negocium

410 2126 494 2187 ipsum
510 2138 554 2187 per
569 2122 661 2186 seipsos
677 2122 726 2171 elio
742 2123 817 2171 modo
833 2122 968 2185 temperari
983 2138 1027 2172 seu
1044 2123 1173 2172 terminari
1183 2123 1265 2172 velent
1280 2122 1335 2171 sine
1345 2121 1460 2185 strepitu.

409 2188 582 2248 Postmodum,
594 2203 659 2248 vero,
670 2187 738 2235 fecte
748 2187 937 2236 renunciaeione
947 2203 962 2236 s
973 2188 1061 2237 Fratre
1071 2188 1181 2243 Roberto
1195 2187 1260 2237 dicto
1275 2187 1376 2235 Blundo
1387 2201 1463 2249 super

411 2253 540 2303 Eleooione
550 2253 577 2301 in
589 2252 699 2301 Priorem
710 2252 872 2317 Plymptonie
883 2253 916 2301 de
926 2268 960 2314 se,
973 2257 1003 2301 ut
1013 2252 1083 2313 dicit,
1099 2252 1229 2318 celebrate,
1240 2256 1330 2315 petunt
1340 2251 1462 2314 Subprior

410 2324 437 2368 et
445 2318 590 2367 Conventus
601 2317 706 2380 predicti
717 2318 749 2365 ab
760 2318 848 2366 eodem
859 2318 982 2381 Episcopo
993 2317 1133 2366 Iiccnoism
1144 2317 1251 2380 eligendi
1258 2332 1328 2365 more
1338 2317 1425 2365 debito
1435 2320 1463 2365 et

410 2386 537 2443 consueto,
549 2398 599 2445 qun
609 2381 663 2431 sine
673 2382 822 2432 difficultate
839 2386 949 2445 optentu,
966 2382 1033 2431 idom
1050 2382 1196 2431 Conventus
1211 2382 1244 2430 nd
1260 2379 1418 2430 Eleccionem
1428 2381 1461 2429 de

411 2448 523 2511 predicto
539 2447 656 2504 Roberto,
672 2447 712 2495 vel
728 2446 776 2496 slio
793 2448 825 2495 de
842 2448 975 2497 conventu
991 2448 1115 2510 procedet,
1133 2451 1159 2496 et
1174 2462 1230 2496 eum
1247 2446 1316 2495 dicto
1335 2446 1458 2509 Episcopo

412 2516 582 2577 representet3
599 2516 626 2561 ct
636 2512 703 2561 idem
715 2512 839 2561 Dominus
855 2512 994 2576 Episcopus
1008 2513 1077 2575 quod
1092 2512 1192 2576 justum
1208 2511 1287 2561 fuerit
1296 2511 1323 2560 in
1333 2510 1381 2560 hnc
1391 2514 1463 2575 purte

412 2585 558 2640 exequetur,
573 2592 631 2626 cum
642 2577 723 2640 grecie
733 2583 760 2626 et
770 2578 861 2626 favore.
887 2578 985 2637 Omnis,
996 2593 1062 2638 vero,
1070 2578 1221 2641 supradicta,
1231 2577 1389 2626 Sentencinm
1398 2576 1460 2625 dicti

412 2644 515 2693 Domini
527 2643 641 2705 Episcopi
653 2647 679 2691 et
687 2643 837 2691 Officialium
847 2658 951 2691 suorum
961 2642 1100 2705 mugencis,
1110 2643 1178 2692 idom
1190 2642 1314 2691 Dominus
1322 2641 1460 2704 Episcopus

412 2708 460 2758 sub
476 2708 551 2756 simili
568 2723 632 2769 pena
647 2723 674 2755 se
685 2711 844 2756 servaturum
860 2707 1066 2770 promittat-In
1082 2708 1156 2771 cujus
1168 2708 1204 2756 rei
1220 2707 1394 2756 testimonium
1405 2721 1461 2768 pre·

412 2773 526 2823 sentibus
544 2772 634 2820 Litoris
661 2771 772 2834 sigillum
789 2787 876 2821 meum
899 2773 1074 2835 appono-Et
1090 2772 1158 2821 idem
1175 2772 1320 2835 Episcopus,
1342 2771 1369 2818 in
1390 2769 1462 2819 testi·

411 2838 525 2886 monium
545 2837 585 2885 sui
604 2851 738 2885 cousensus
754 2837 855 2899 signum
871 2853 947 2885 suum
968 2837 1060 2900 epponi
1081 2837 1197 2900 precepit.
1240 2837 1296 2885 Hiis
1312 2835 1462 2892 testibus,-

412 2902 527 2952 Domiuis
544 2902 652 2950 ilenrico
668 2901 700 2950 de
716 2903 803 2964 Trcoy,
821 2903 854 2950 Η.
871 2902 903 2950 de
919 2902 1047 2961 Brattone,
1065 2901 1215 2964 Rsndulpho
1232 2901 1263 2949 de
1280 2899 1462 2960 Dodescumbe,

412 2969 527 3016 Johunne
538 2967 570 3015 de
581 2967 709 3026 Westone3
717 2965 844 3028 Magistrie
854 2967 970 3016 iohanne
981 2966 1074 3025 Nobili,
1085 2967 1195 3015 Roberto
1203 2966 1335 3024 Eversrde‚
1343 2964 1460 3014 iohanne

412 3034 444 3081 de
462 3032 572 3090 Bmdele,
586 3031 701 3088 Johsnne
718 3032 817 3094 Wyger,
835 3031 953 3080 Gervssio
968 3032 1000 3080 dc
1017 3032 1166 3094 Orydetonc,
1183 3031 1221 3079 W.
1239 3031 1271 3078 de
1287 3030 1356 3090 Rule,
1373 3030 1412 3078 W.
1430 3029 1463 3078 dc

413 3097 537 3159 Coppelle,
568 3100 594 3144 et
625 3096 818 3144 eliis-Actum
842 3096 911 3159 opud
941 3096 1069 3159 Wynkele,
1094 3096 1131 3159 xij
1156 3095 1283 3144 Keleudss
1307 3094 1462 3158 Septembris

414 3159 455 3226 [21
469 3161 552 3224 Ang.],
564 3161 638 3209 Anno
650 3160 736 3210 Grecis
748 3161 791 3208 M0.
806 3160 867 3208 (ΚΡ.
880 3160 925 3208 11⁰.
937 3160 993 3222 iij⁰;
1010 3156 1061 3209 26¹³.

379 3227 486 3274 -Anuo
503 3227 597 3286 codem,
618 3226 643 3272 in
661 3225 768 3273 erastino
785 3224 963 3273 Decollncionis
978 3224 1089 3288 predicte
1106 3225 1148 3286 [30
1159 3225 1232 3287 Aug,
1244 3223 1327 3285 12631,
1338 3223 1464 3273 Dominus

412 3291 550 3353 Episcopus
556 3290 698 3352 hospitetur
707 3294 745 3338 est
754 3291 823 3352 apud
831 3290 1025 3353 Plymptonium,
1034 3294 1061 3338 et
1068 3290 1184 3352 sequenti
1192 3290 1240 3349 dis,
1248 3289 1340 3338 ultime
1347 3289 1464 3338 videlicet

412 3355 505 3404 mensis
522 3355 638 3417 Augusti,
655 3354 764 3402 Articuli
780 3355 931 3402 conteneiosi
946 3355 1013 3402 inter
1031 3354 1169 3403 Dominum
1186 3354 1340 3418 Episcopum
1355 3359 1383 3403 et
1398 3353 1463 3403 Sub·

412 3420 520 3483 priorem
537 3424 563 3468 et
581 3421 739 3467 conventum
761 3435 790 3467 sc
806 3419 942 3467 Ecclesium
962 3419 1122 3483 Plymptonie
1140 3419 1211 3480 moti,
1228 3420 1260 3468 ds
1281 3419 1374 3482 quibus
1395 3434 1462 3468 com·

413 3485 563 3548 promissum
573 3483 625 3532 fuit
635 3483 662 3532 in
673 3484 779 3532 arbitros
790 3483 999 3543 condicionaliter,
1010 3484 1173 3532 unricebiliter
1190 3484 1266 3548 sopiti
1282 3488 1344 3533 sunt
1357 3485 1384 3532 in
1395 3484 1463 3532 hunc

412 3548 680 3610 modum-videlicet,
692 3549 760 3597 idem
771 3549 894 3610 Subprior
903 3553 931 3596 st
942 3549 1087 3597 Conventus
1095 3553 1299 3612 recognoverunt,
1309 3550 1337 3597 in
1346 3548 1464 3611 capitulo

413 3631 466 3675 suo,
478 3629 560 3663 eorem
570 3613 658 3662 multis
669 3613 763 3662 clericis
780 3618 807 3661 et
824 3613 900 3672 luicis,
912 3614 981 3676 quod
997 3619 1116 3663 tenentur
1133 3614 1225 3662 hebere
1243 3615 1308 3663 duos
1327 3613 1464 3663 Cenonicos

412 3679 549 3728 residentes
560 3679 627 3742 apud
639 3679 726 3726 Lsnho
737 3678 855 3726 continue
867 3694 874 3736 ;
885 3682 912 3726 st
921 3678 977 3727 illos
987 3678 1154 3728 incontinenti
1164 3679 1225 3728 illuc
1235 3679 1338 3727 mittere
1345 3678 1464 3741 repromi-

412 3743 697 3807 serunt,-prcsentibus
713 3743 828 3791 Dominis
839 3743 949 3791 Wnltero
965 3743 996 3791 de
1013 3744 1146 3799 Buthtoue‚
1159 3744 1275 3793 iohanne
1290 3743 1323 3791 dc
1339 3743 1464 3804 Westone,

413 3810 564 3872 Rundulpho
576 3809 607 3856 de
624 3808 744 3868 Obeluns,
755 3807 878 3856 Militibus
889 3824 896 3866 ;
913 3808 1039 3872 Magistris
1054 3809 1084 3858 R,
1102 3809 1234 3868 Everurde,
1246 3809 1271 3858 J.
1282 3809 1315 3856 de
1331 3808 1464 3868 Blecdone,

413 3875 437 3923 J.
458 3874 558 3936 Wyger,
575 3873 604 3921 R„
625 3873 657 3921 de
678 3873 871 3935 Pollsmpiorde,
895 3873 931 3922 W.
949 3873 982 3921 de
1003 3873 1111 3936 Capella,
1133 3873 1236 3922 ldutheo
1263 3874 1295 3922 dc
1322 3873 1464 3937 Eglosheyl,

413 3938 539 3986 Willelmo
557 3937 698 4000 Cepellnno,
716 3938 824 4014 lingone
841 3937 934 4000 Splote,
951 3942 978 3985 ot
993 3952 1084 4000 magne
1100 3938 1186 4001 populi
1207 3937 1379 3987 multitudine
1414 3939 1463 3987 Pro

413 4002 561 4066 sequestris,
573 4003 659 4063 ocium,
672 4002 773 4051 Domim
785 4001 908 4065 Episcopi,
917 4002 1088 4065 personalibus
1096 4002 1341 4066 transgremiombus,
1348 4004 1463 4066 expensis

413 4073 440 4116 et
456 4067 578 4130 dampnis,
599 4067 763 4116 vudisverunt
779 4067 861 4115 eidem
878 4066 1001 4130 Episcopo
1019 4073 1122 4116 cautum
1140 4082 1243 4127 marces,
1262 4073 1289 4116 et
1304 4083 1332 4116 se
1350 4067 1377 4116 in
1395 4067 1465 4119 huuc

411 4133 517 4181 modum
528 4131 841 4194 obligarunt-Universa
849 4136 976 4193 presentes
988 4131 1084 4181 literas
1094 4132 1244 4196 inspecturis
1252 4133 1340 4181 Frater
1347 4132 1464 4195 Thomas,

414 4197 535 4259 Subprior
558 4196 724 4259 Plymptonie,
747 4201 774 4244 et
795 4197 910 4260 ejusdem
932 4196 992 4245 Loci
1019 4197 1165 4246 Conventus
1181 4197 1291 4258 humilis,
1307 4197 1417 4246 sulutem
1437 4199 1466 4248 in

412 4262 521 4310 Domino
532 4275 583 4309 sem
602 4261 857 4310 iterum—Noverit
867 4261 1023 4310 Universitns
1033 4266 1116 4309 vestre
1127 4263 1195 4324 quod
1206 4277 1259 4324 nos,
1267 4277 1313 4326 pro
1324 4263 1466 4324 Sequenti-is

413 4326 567 4375 Venerabilis
585 4277 677 4385 1i'stris,
696 4325 799 4374 Domini
816 4325 928 4387 Wolten',
947 4326 1095 4376 Exoniensis
1112 4326 1235 4390 Episcopi,
1254 4327 1282 4375 in
1300 4326 1416 4375 Ecclesiis
1433 4329 1466 4377 dc

412 4391 484 4446 Dens
495 4391 564 4444 etde
575 4390 663 4444 Laelio
678 4395 738 4442 unte
751 4389 933 4442 conleccionem
949 4391 1109 4443 Prusensium
1124 4391 1286 4457 interpositis
1294 4391 1466 4456 personnlibus
