3242 5100
581 512 916 569 cannannmnnx.
1255 489 1327 565 279

268 669 313 719 the
330 670 394 719 later
409 670 476 727 date,
492 669 566 733 given
582 670 668 731 above,
685 671 760 735 being
774 670 834 720 that
844 670 871 719 ci
886 671 920 720 ite
936 669 1020 719 actual
1036 668 1168 720 execution
1180 687 1186 731 ;
1203 669 1230 718 in
1241 668 1323 719 which

268 750 323 783 case
339 736 384 784 the
400 736 493 799 Bishop
510 741 580 784 must
596 736 659 784 have
675 735 738 785 been
755 740 783 785 at
799 736 893 784 nodare
909 738 936 784 at
952 735 1015 785 both
1025 735 1115 797 dates1,
1126 735 1200 784 Auno
1212 734 1323 793 Domini,

269 799 338 913 3¹11
329 800 390 925 (ig,
402 800 442 914 1⁰2⁰
442 800 729 925 nprrloibilousecracionis
739 806 825 849 nostre
837 800 911 850 Anno
922 800 1109 851 Secundo-*ln
1120 800 1194 863 cnjus
1205 799 1241 848 rei
1251 798 1322 849 teeti·

171 940 356 1029 Upottery:
377 942 656 1030 Appropiiatioa
681 944 720 1029 os
745 944 796 1010 ilie
819 944 961 1031 Rectory
987 952 1018 1011 to
1045 942 1095 1011 lite
1123 944 1221 1010 Deoia
1248 942 1322 1009 aad

258 1028 401 1115 Olmpter
414 1030 453 1109 of
472 1031 645 1106 Eaeiea-

231 1132 305 1183 Anno
321 1136 416 1195 eodem,
428 1135 496 1199 apud
514 1135 586 1195 (llist,
597 1135 624 1183 in
640 1135 749 1183 crastino
766 1134 836 1183 Festi
852 1134 938 1185 Sancti
959 1135 1055 1185 Hillarii
1072 1134 1113 1195 [ll
1130 1132 1318 1194 Jan.,1270·1]‚

264 1198 1041 1315 :einicatmnevisneeiaeffiii,lein
1056 1199 1319 1313 ingilena

266 1329 408 1379 literarum
425 1330 515 1377 visuris
540 1330 578 1377 vel
596 1329 728 1388 audituris,
740 1328 874 1388 Waltercs,
886 1328 1045 1378 miseracione
1063 1330 1154 1377 Divina
1172 1329 1318 1377 Exonienais

266 1393 410 1456 Episcrpus,
428 1395 535 1442 salutem
552 1395 578 1442 in
596 1394 704 1442 Domino
719 1394 1047 1455 sempiternam-Noverit
1064 1394 1221 1443 Universitas
1236 1396 1319 1442 vestra

264 1459 333 1520 quod
344 1476 397 1517 noa,
408 1460 549 1507 animamur
561 1460 638 1506 saluti
649 1458 782 1506 subvenire
793 1458 930 1520 cupientes,
943 1458 974 1507 ad
993 1458 1141 1520 peticionem
1176 1459 1220 1507 uin
1232 1458 1317 1521 pocius

264 1524 425 1585 inportunam
447 1524 594 1571 instanciam
617 1523 702 1571 dilecti
723 1522 775 1582 filii,
796 1523 899 1571 Domini
922 1523 1018 1572 Thome
1040 1523 1072 1571 de
1095 1523 1134 1571 He
1171 1528 1218 1582 ort,
1230 1522 1317 1571 Archi·

263 1588 362 1636 diaconi
380 1589 558 1648 Tottoniensia,
579 1593 606 1636 et
628 1588 737 1636 Ecclesie
754 1592 840 1636 nostre
862 1588 1006 1636 Exonieusis
1027 1588 1152 1647 canonici,
1173 1592 1317 1649 preacoepta

263 1653 386 1701 Beneficia
397 1668 466 1701 more
479 1654 543 1716 grati
555 1657 581 1700 et
592 1653 699 1702 hominis
712 1652 859 1700 benemeriti
871 1652 1058 1713 reminiscentis,
1071 1653 1203 1701 accedente
1214 1668 1316 1701 assensu

263 1722 290 1765 et
300 1717 429 1767 voluntate
438 1734 553 1780 expressa
564 1717 713 1766 dilectorum
722 1716 832 1765 filiorum
840 1718 928 1779 Rogati
937 1718 968 1765 de
978 1718 1057 1777 Terin,
1065 1717 1159 1765 Decani
1170 1717 1316 1765 Exoniensis

262 1786 289 1830 et
299 1782 413 1831 e'usdem
431 1782 490 1831 Loci
506 1782 624 1845 Capituli,
635 1782 795 1830 concedimus
809 1785 837 1829 et
854 1782 1013 1831 Preeencium
1030 1787 1115 1829 tenore
1127 1782 1316 1844 appropriantes

321 1846 398 1896 esiam
419 1847 452 1895 de
474 1846 585 1910 Upottri,
608 1846 682 1909 cujus
705 1846 756 1894 veri
778 1861 867 1895 sumus
885 1846 993 1907 Patroni,
1012 1847 1156 1895 memoratis
1174 1848 1273 1894 Decauo
1290 1852 1317 1894 et

263 1911 387 1973 (lapitulo,
406 1927 464 1960 cum
483 1911 601 1961 omnibus
621 1910 781 1975 pertinenciis
803 1910 863 1970 suis,
887 1916 991 1973 excepta
1014 1912 1112 1959 Vicaria
1133 1912 1267 1960 sufficienti
1288 1912 1316 1959 in

260 1976 355 2035 eadem
366 1976 393 2025 in
404 1981 555 2039 perpetuum
566 1976 750 2039 possidendam,
758 1976 790 2023 ad
801 1976 1013 2025 sustentacionem
1025 1976 1104 2024 trium
1116 1976 1314 2038 Capellanerum,

261 2057 306 2103 pro
332 2042 464 2090 animabus
488 2041 675 2090 venerabilium
704 2041 817 2101 Petrum,
836 2040 953 2089 Willelmi
976 2041 1062 2098 Bruer,
1091 2041 1189 2089 Ricardi
1214 2040 1315 2101 Blundi,

261 2105 467 2155 Predecessorum
489 2110 641 2163 nostrornm,
665 2105 845 2167 Episcoporum
875 2106 976 2165 llxonie,
1005 2112 1097 2165 nostra,
1123 2106 1185 2154 dicti
1213 2105 1315 2153 Domini

259 2169 362 2230 Thome,
390 2174 417 2219 et
438 2171 553 2220 omnium
569 2170 694 2219 lidelium
716 2169 902 2227 detunctorum,
924 2170 951 2218 in
975 2170 1056 2219 Alteri
1077 2170 1104 2218 in
1127 2170 1220 2218 honore
1243 2170 1315 2219 Beati

260 2234 383 2284 Johannis
405 2236 526 2297 Baptiste,
549 2235 632 2292 Blasii,
654 2240 681 2284 et
703 2235 803 2298 Pyrani,
824 2235 850 2282 in
871 2234 935 2282 Navi
952 2234 1018 2283 dicte
1037 2235 1144 2283 Ecclesia
1167 2234 1315 2283 Exoniensis

260 2300 375 2349 dedicate
385 2305 413 2349 et
422 2300 455 2349 ad
466 2300 514 2349 hoc
523 2300 649 2362 assignato
659 2299 883 2348 ministrandorum
896 2316 902 2359 ;
918 2303 946 2349 et
956 2299 1062 2348 aliorum
1074 2314 1179 2349 onerum
1190 2299 1314 2363 subscrip·

260 2369 359 2424 torum,
371 2363 415 2432 ita,
422 2364 545 2425 videlicet,
554 2366 623 2427 quod
629 2364 738 2427 quilibet
745 2364 777 2412 de
785 2363 924 2427 Capelianis
931 2362 1071 2423 antedictis,
1079 2380 1123 2427 per
1129 2380 1220 2413 manus
1227 2364 1314 2413 Senes·

260 2429 381 2479 callorum
402 2429 518 2493 ejusdem
538 2428 648 2479 Ecclesia
670 2428 826 2488 Exoniensis,
848 2428 977 2491 sexaginta
998 2428 1106 2487 solidos;
1123 2428 1314 2493 quatuordecim

260 2495 331 2557 pueri
358 2494 513 2558 porcionarii,
530 2494 564 2543 ad
580 2493 697 2543 Officium
721 2493 796 2543 chori
816 2508 861 2556 pro
883 2496 995 2558 tempore
1022 2493 1146 2557 deputati,
1171 2498 1198 2542 et
1219 2493 1314 2542 tuturis

261 2559 424 2622 temporibus,
441 2560 469 2609 in
495 2563 654 2624 perpetuum,
682 2559 715 2608 ad
740 2559 926 2608 salutacionem
955 2558 1066 2608 Gloriosa
1085 2559 1202 2622 Virginis,
1225 2559 1313 2607 Matris

260 2623 369 2684 Domini,
398 2623 503 2688 singulis
533 2623 622 2673 diebus
653 2629 710 2686 post
744 2623 943 2686 completorium
976 2638 1065 2672 sonora
1100 2639 1160 2672 soce
1186 2629 1213 2672 et
1245 2624 1314 2673 dulci

261 2687 408 2766 iaciendum,
437 2689 574 2766 intitulati,
599 2688 689 2752 viginti
714 2692 741 2737 et
765 2694 835 2764 octo·
849 2689 1013 2764 solidos';.in
1033 2693 1143 2751 quatuor
1159 2688 1227 2737 Anni
1254 2689 1312 2764 '1:013

257 2753 706 2882 indimidiata&
731 2753 1312 2881 resinarhinensem

258 2883 312 2932 vita
336 2884 481 2932 subtractus
510 2883 768 2932 inerit-duodecim
795 2882 887 2931 solides
915 2881 1019 2944 singulis
1046 2882 1125 2942 annis,
1152 2882 1193 2930 die
1227 2883 1312 2932 obitus

258 2947 305 3007 aui,
338 2948 477 2997 secundum
510 2947 642 3011 antiquam
681 2946 789 2995 Ecclesia
832 2946 978 2995 Exonicnsis
1009 2947 1232 3008 Consuetudinem,
1269 2963 1313 3009 per

258 3013 410 3062 Sonescallce
437 3027 496 3061 suos
523 3011 551 3060 in
584 3012 667 3062 choro
700 3011 976 3060 distribuendo-fieri
1007 3011 1126 3070 iaciant,
1159 3017 1186 3060 et
1213 3027 1311 3074 penem,

257 3077 353 3137 vinum,
373 3078 494 3138 candelas,
515 3082 542 3126 et
561 3081 644 3125 cetera
659 3077 744 3125 omnia
762 3076 837 3125 dictis
855 3075 1001 3138 capellanis,
1018 3091 1082 3138 quos
1104 3076 1209 3139 singulis
1237 3076 1312 3125 Horis

259 3142 286 3191 in
303 3142 371 3192 dicta
387 3142 498 3191 Ecclesia
513 3143 541 3192 in
556 3147 685 3204 posterum
703 3140 837 3203 pellendis
861 3141 979 3189 iuteresse
996 3141 1121 3202 volumus,
1138 3147 1165 3189 et
1183 3141 1216 3189 ad
1235 3141 1310 3190 oraci-

259 3222 333 3255 onem
348 3206 376 3256 in
388 3207 470 3256 Missis
487 3207 540 3256 siris
555 3207 583 3255 in
598 3207 652 3254 vita
667 3200 694 3254 et
709 3205 736 3253 in
753 3211 834 3253 morte
846 3204 974 3254 altissimo
986 3221 1030 3268 pro
1042 3205 1113 3253 nobis
1130 3206 1269 3268 specialiter
1285 3211 1311 3253 et

256 3271 352 3348 jugiter
380 3273 560 3320 effundendam
589 3271 750 3319 intitulamus
780 3269 806 3317 in
829 3269 910 3318 Alteri
940 3269 1051 3332 predicto
1076 3270 1222 3335 taciendam,
1242 3271 1311 3334 quod

256 3335 525 3395 mcumbitnecessaria
535 3336 666 3385 inveniant
676 3340 703 3385 et
713 3339 885 3397 competenter
891 3335 1093 3394 subministrent3
1102 3351 1162 3383 cura
1170 3335 1311 3384 animarum

256 3399 367 3464 predicte
383 3401 493 3450 Ecclesia
510 3400 614 3463 Upottri
629 3405 656 3449 et
672 3416 746 3448 onere
757 3399 882 3448 ordinario
893 3399 925 3447 ad
938 3399 1063 3448 vicarium
1074 3399 1119 3462 qui
1136 3415 1180 3463 pro
1197 3404 1310 3462 tempore

256 3465 518 3527 pretaeritineadem,
526 3465 640 3514 totaliter
654 3463 915 3528 pertinentibus—In
927 3464 1001 3526 cujus
1020 3464 1055 3512 rei
1071 3463 1245 3512 testimonium
1262 3469 1308 3514 etc

256 3530 383 3579 -Actnm
395 3530 421 3578 in
433 3529 551 3593 Capitulo
562 3529 705 3589 Exoniensi,
717 3529 757 3578 dia
768 3529 839 3578 lovis
851 3533 907 3591 post
916 3529 1019 3577 Festum
1031 3529 1118 3577 Sancti
1127 3529 1249 3592 Hyllarii;
1268 3530 1308 3578 46.

158 3608 274 3696 Upton
292 3609 461 3687 Hellions;
485 3608 610 3696 Ohapel
632 3609 669 3675 of
694 3609 804 3694 Credy
819 3609 942 3694 Wiger,
957 3609 1107 3674 annexed
1129 3609 1311 3686 therete-

224 3713 299 3764 Anno
315 3713 411 3774 eodem,
434 3715 503 3776 apud
520 3713 684 3776 Nywenham
707 3713 748 3762 die
764 3713 881 3762 Mercurii
898 3712 1011 3775 proxima
1027 3717 1086 3760 ante
1103 3711 1207 3761 Festum
1224 3713 1311 3762 Sancti

256 3778 389 3828 laurencii
406 3775 432 3891 Ed
445 3780 519 3842 Aua,
532 3777 614 3840 12701,
628 3777 706 3828 exivit
718 3778 802 3827 Litera
816 3779 864 3827 snb
881 3777 926 3826 tali
942 3778 1022 3826 torma
1035 3777 1203 3826 :-Universis
1219 3778 1311 3827 Sancte

256 3843 346 3893 Matris
362 3843 412 3892 Ecc
422 3843 473 3892 esis
494 3841 559 3903 filiis,
576 3843 732 3906 presencium
755 3843 844 3892 seriem
861 3843 1002 3891 literarum
1018 3841 1109 3890 inuris
1123 3843 1163 3891 vel
1179 3842 1310 3904 audituris,

256 3908 391 3967 walterus,
417 3907 577 3956 miseracione
604 3908 697 3957 Divina
725 3907 873 3956 Exoniensis
901 3907 1045 3970 Episcopus,
1067 3907 1176 3955 salutem
1197 3908 1224 3964 in
1245 3906 1311 3957 Vero

256 3971 469 4032 alutam—Quia
489 3987 541 4021 non
563 3987 695 4036 nunquam
717 3972 744 4021 in
760 3972 865 4022 diversis
883 3971 954 4020 Locis
971 3971 1062 4020 Cultus
1080 3971 1188 4020 Divinus
1210 3976 1312 4035 propter

255 4037 408 4087 multatum
437 4038 592 4087 tenuitatem
618 4037 779 4097 diminuitur,
801 4042 828 4086 et
849 4036 991 4100 aliqnando,
1019 4051 1069 4085 non
1096 4036 1150 4085 sine
1172 4037 1311 4086 multruum

255 4103 397 4152 mmmm
420 4101 537 4164 per-icida,
561 4102 754 4166 dampnabiliter
773 4101 916 4165 negligitur,
936 4101 1062 4164 et-quod
1085 4101 1196 4150 deterius
1213 4101 1311 4152 est-in

256 4171 342 4217 totum
353 4167 454 4229 deperit
464 4171 492 4216 et
502 4167 664 4222 adnullatur;
682 4183 735 4228 nos,
752 4166 827 4230 iuxta
843 4165 924 4216 Officii
940 4166 1020 4214 nostri
1031 4165 1153 4226 debitum,
1164 4165 1313 4230 hujusmodi

256 4231 374 4296 periculis
385 4231 486 4280 obviare
497 4236 525 4280 et
539 4231 625 4281 studio
639 4231 754 4294 vigilanti
772 4231 913 4280 animarum
928 4231 1005 4280 saluti
1021 4230 1159 4294 prospicere
1175 4231 1312 4293 cupientes,

256 4297 440 4347 obvencionum
451 4301 479 4346 et
489 4296 642 4346 iaculmtum
652 4297 685 4346 ad
704 4296 841 4346 Ecclesiam
852 4296 884 4345 de
895 4295 1029 4358 Uppetone
1039 4295 1136 4360 Hyliun
1148 4300 1175 4345 et
1186 4296 1313 4358 Capellam

256 4362 288 4412 de
306 4361 399 4427 Orydie
418 4361 504 4426 Wigar
526 4361 697 4425 spectandum
719 4360 831 4412 exilitate
853 4360 1007 4412 ooudderata
1029 4365 1056 4410 et
1077 4365 1187 4424 pensata,
1210 4360 1313 4426 Domini
