3242 5100
610 543 794 600 uuunnln
813 544 944 597 quen.
1305 523 1350 598 77

291 723 428 786 limitetis,
440 729 468 775 et
488 726 594 776 aliarum
616 727 782 776 Ecclesierum
811 731 838 775 et
860 725 1019 789 Capellnmm
1041 725 1158 776 Civitatis
1179 729 1206 776 et
1228 725 1350 776 Suburbii

291 791 412 840 antedicti
423 791 514 840 hebeat
529 797 555 840 et
572 793 645 855 pleno
667 793 724 854 jure
743 796 870 840 excerceat
887 791 913 839 in
932 796 1084 854 perpetuum
1094 791 1164 841 selva
1173 791 1350 854 jurisdiccione

292 855 385 904 Deenni
397 857 528 912 antedicti;
538 857 575 906 ita
585 858 654 918 quod
665 857 732 906 idem
744 857 940 905 Archidiaconue
951 858 982 905 de
994 857 1157 918 proventibus
1167 856 1350 919 jurisdiccionie

292 920 406 982 ejusdem
418 936 498 970 unum
510 938 609 970 cereum
621 923 695 971 unius
706 922 768 971 libre
779 937 835 970 cere
845 921 957 970 inveniat
963 922 989 970 iu
1001 920 1083 969 medio
1091 921 1199 970 Choriin
1210 921 1351 980 Matutinie,

292 991 318 1032 et
329 989 388 1033 unte
399 985 518 1048 Megnurn
536 987 622 1036 Altnre
633 988 665 1035 etl
677 987 794 1048 Magnam
807 987 909 1034 Mieeam
919 986 946 1034 in
953 991 1105 1048 perpetuum
1112 987 1250 1034 ardentem
1285 986 1352 1035 Etsi

292 1049 357 1098 lorte
369 1051 498 1112 contiuget
511 1051 744 1100 Archidiaconetum
757 1051 852 1099 Exonie
863 1051 937 1098 alicui
948 1051 993 1113 qui
1003 1051 1070 1099 dicte
1088 1051 1197 1100 Eeclesie
1206 1050 1353 1100 Exoniensie

293 1114 433 1163 Cononicue
441 1131 491 1164 non
499 1116 577 1165 luerit
584 1117 677 1165 futuris
686 1116 841 1178 temporibus
852 1115 965 1170 conferri.
974 1115 1099 1175 volumus,
1107 1117 1174 1164 etde
1182 1115 1352 1178 predictorum

293 1179 385 1228 Duceni
411 1185 438 1228 et
469 1179 579 1244 Capituli
601 1197 716 1242 expresso
743 1196 845 1228 eeseneu
871 1180 1023 1240 ordinamus,
1041 1181 1110 1243 quod
1129 1184 1184 1230 tota
1210 1179 1353 1243 jurisdiecio

293 1241 446 1293 civitatee
465 1245 584 1294 Suburbii
601 1244 721 1294 antedicti
732 1246 764 1293 ed
776 1246 906 1293 Decrnum
918 1245 1013 1293 Exonie
1030 1245 1156 1307 pertineat
1166 1249 1194 1294 et
1213 1245 1353 1294 Decenetui

291 1315 419 1367 accrescet,
432 1325 563 1372 quousque
576 1311 642 1359 idem
661 1310 856 1358 Archidiaconue
868 1310 1003 1358 Canentem
1015 1310 1041 1357 iu
1054 1309 1163 1357 Ecclesia
1173 1309 1227 1372 ipse
1237 1309 1354 1358 cenonice

294 1373 371 1421 lirerit
389 1375 503 1436 adeptus,
521 1375 559 1422 vel
576 1375 799 1424 Archidiaconetus
818 1375 868 1430 alii,
887 1374 932 1436 qui
950 1375 1065 1436 ejusdem
1088 1374 1195 1422 Ecclesie
1214 1374 1353 1423 canonicus

292 1439 404 1487 extiterit
437 1439 485 1487 rite
518 1440 640 1499 collntue;
668 1439 736 1488 salvo
767 1438 824 1501 jure
852 1439 992 1501 Epiecopali
1018 1439 1045 1487 in
1068 1439 1210 1501 Sequeetrie
1237 1444 1264 1488 et
1290 1438 1352 1500 eliis,

291 1502 501 1553 Archidineonatu
534 1510 637 1554 recente
664 1505 863 1554 antedicto-In
895 1504 969 1566 cujus
991 1504 1027 1552 rei
1048 1503 1223 1552 testimonium
1243 1503 1354 1565 sigillum

291 1572 407 1616 nostrum
435 1569 595 1618 Preeentibue
631 1568 750 1618 duximus
779 1569 963 1631 apponendum.
1006 1569 1040 1616 Et
1072 1567 1187 1616 Deeamre
1219 1573 1247 1617 et
1279 1569 1353 1631 Capi·

292 1633 377 1681 tulum
403 1649 432 1681 ec
466 1634 661 1683 Archidieconus
694 1634 806 1696 predicti.
831 1633 895 1681 hanc
929 1632 1120 1682 Ordinecionem
1146 1638 1259 1682 nostram
1285 1639 1352 1696 gret·

292 1703 364 1746 antur
386 1703 549 1760 acceptantes,
561 1700 641 1763 sigilla
668 1715 714 1748 sue
735 1699 851 1747 similiter
872 1697 1178 1762 apposuerunt-Datum
1194 1697 1297 1759 Exonie,
1312 1698 1354 1746 die

292 1767 319 1810 et
329 1777 395 1810 anno
406 1763 570 1825 supradictis;
590 1765 627 1814 46.

260 1826 320 1876 'l'hie
337 1828 358 1876 is
371 1827 486 1876 followed
504 1830 536 1893 by
554 1846 569 1878 a
587 1830 674 1878 Letter
689 1829 755 1878 from
766 1828 811 1878 the
828 1828 929 1890 Biehop,
946 1828 973 1876 in
984 1827 1066 1876 which
1081 1827 1114 1876 he
1127 1826 1353 1890 ordaine—“quod

291 1893 359 1940 idem
385 1893 499 1942 Decenue
526 1899 553 1942 et
581 1893 734 1957 Capitulum,
759 1893 826 1942 intra
852 1908 963 1941 mensem
990 1897 1125 1955 postquam
1151 1892 1218 1956 ipeee
1245 1892 1355 1942 vieriae

292 1958 331 2006 vel
359 1957 469 2020 aliquam
492 1973 578 2008 earum
604 1974 690 2008 vacere
716 1959 856 2020 contigerit,
882 1958 983 2006 idoneae
1014 1958 1134 2006 Personae
1155 1957 1228 2006 nobie
1249 1963 1277 2006 et
1297 1973 1351 2006 suc-

293 2021 430 2072 cessoribus
449 2025 541 2073 nostris
565 2023 641 2072 libere
654 2028 800 2086 presentent
813 2023 866 2071 eine
881 2022 1030 2071 difficultate
1046 2022 1162 2070 canonice
1176 2021 1352 2071 instituendae

288 2087 329 2136 -ut
339 2088 460 2150 quicquid
471 2089 573 2138 interim
584 2089 681 2137 racione
692 2088 814 2151 sequestri
825 2087 857 2136 ed
868 2103 914 2136 noe
924 2091 951 2136 et
961 2102 1112 2136 successores
1120 2091 1218 2135 noetros
1228 2087 1353 2150 pertinere

294 2156 378 2214 posset
395 2154 494 2202 Deosno
514 2154 617 2214 Eronie,
638 2154 682 2217 qui
703 2169 747 2215 pro
764 2157 877 2216 tempore
890 2152 975 2212 fuerit,
988 2151 1108 2214 perhanc
1125 2151 1316 2200 Ordinacionem
1327 2157 1355 2200 et

293 2218 475 2267 concessionem
486 2223 598 2267 nostrum
609 2223 731 2268 accrescat
748 2218 774 2266 in
786 2222 945 2280 perpetuum.
980 2217 1010 2264 ln
1029 2217 1103 2278 cujus
1122 2216 1158 2264 rei
1175 2214 1353 2265 ete-Datum

293 2283 361 2344 apud
372 2283 503 2344 Exoniem,
513 2283 554 2332 die
564 2299 630 2332 anno
639 2283 787 2346 supradictis
800 2298 806 2340 ;
818 2281 878 2330 ibid.
913 2280 1019 2344 [Biehop
1031 2281 1184 2330 Grandieeon
1195 2280 1241 2329 bae
1252 2281 1354 2331 written

293 2347 319 2394 in
332 2347 375 2396 the
386 2348 530 2411 margin—‘⁸
539 2349 606 2397 Nota
617 2350 648 2396 de
667 2348 806 2398 Collacione
817 2347 973 2396 vicariorum
985 2345 1093 2396 Eccleeie
1105 2345 1289 2407 uxoniemw

196 2459 380 2525 -Eccleeie
395 2461 601 2527 Eoeonicueie
615 2459 899 2527 Scelere-Note
912 2484 965 2524 :—

197 2580 265 2645 The
289 2581 411 2666 Bishop
427 2582 647 2657 writee,fron1
671 2583 781 2656 wells,
796 2605 840 2647 on
854 2582 912 2646 the
928 2582 1009 2645 23rd
1024 2581 1060 2646 oi
1082 2581 1193 2665 Sept.²,
1210 2580 1303 2657 1275,
1318 2585 1354 2645 to

282 2668 338 2731 the
354 2668 447 2733 Prior
458 2670 493 2733 ot'
509 2669 555 2733 St.
570 2668 742 2744 Nicholee',
755 2670 885 2742 Exeter,
895 2668 961 2732 end
976 2672 1011 2732 to
1021 2668 1143 2733 Meotcr
1156 2667 1302 2732 Williern
1312 2668 1353 2732 do

283 2754 426 2839 Capella,
442 2754 614 2820 Preeentor
629 2757 664 2819 of
679 2755 845 2831 Crediton,
860 2755 939 2819 thus
949 2779 1000 2818 :-

262 2874 334 2933 Cum,
347 2875 555 2923 exorbitacionem
576 2876 684 2924 Ecclesie
703 2882 787 2925 nostre
806 2876 953 2924 llxoniensie
972 2876 1004 2923 erl
1016 2879 1111 2924 etatum
1123 2874 1239 2923 debit-um
1251 2879 1278 2923 et
1287 2876 1353 2923 snti-

293 2954 373 3001 quum
385 2939 445 2987 olim
458 2940 611 2995 reducentes,
621 2942 729 3003 quedam
738 2942 842 2989 Stntuta
855 2940 963 2989 salubris
977 2956 1026 3002 que
1038 2941 1153 2988 Deeinue
1169 2944 1196 2987 et
1208 2940 1354 3002 Capitulum

291 3008 407 3053 nostrum
426 3005 521 3053 leonie
540 3007 690 3062 eceepmndo
708 3005 886 3068 approbarunt,
908 3021 937 3052 ao
955 3004 1100 3068 juramento
1111 3010 1138 3053 et
1148 3004 1273 3067 scriptura
1291 3009 1354 3053 tunc

293 3068 386 3131 placuit
403 3069 507 3129 firmare,
516 3071 673 3130 ediderimus,
685 3086 735 3132 quo
752 3071 872 3118 hactenus
885 3070 968 3117 minue
979 3069 1059 3131 plene,
1072 3076 1102 3117 ut
1112 3070 1144 3117 de
1155 3074 1302 3131 contemptu
1315 3074 1352 3117 ts-

293 3148 399 3193 ceemus,
412 3134 541 3183 observare
559 3140 686 3194 curarunt,
698 3150 751 3193 noe,
772 3135 908 3185 Civitatem
926 3140 953 3182 et
971 3134 1095 3182 Dioceeim
1115 3138 1234 3194 nostram,
1254 3135 1354 3183 volente

294 3198 407 3257 Domino,
421 3200 446 3247 in
459 3199 528 3247 brevi
539 3200 639 3248 visitare
651 3206 676 3247 et
687 3216 702 3247 a
713 3200 794 3261 capite
810 3199 918 3261 incipere
930 3204 1103 3261 proponentes,
1115 3199 1185 3246 vobis
1195 3200 1352 3260 mandemus,

293 3263 319 3311 in
338 3263 432 3311 virtute
444 3264 593 3323 obediencie,
606 3265 711 3312 firmiter·
730 3264 892 3326 injungentes
912 3264 1033 3326 quatinus
1052 3264 1177 3326 predictos
1190 3264 1353 3312 Decenumet

293 3328 446 3390 Capitulum,
460 3329 512 3377 rice
524 3334 550 3377 el
567 3330 717 3377 euctorilate
735 3334 827 3387 nostra,
839 3329 973 3390 diligenter
990 3328 1112 3376 moneatis
1129 3333 1157 3376 et
1175 3328 1306 3376 efficaciter
1316 3330 1353 3377 in·

293 3392 390 3441 ducetis
412 3400 443 3440 ut
469 3395 573 3442 Statuta
600 3394 718 3455 predicta,
736 3394 841 3455 singulis
858 3392 1018 3453 Ebdomndie,
1044 3393 1085 3441 die
1101 3393 1211 3454 Sabbeti,
1228 3393 1306 3441 semel
1322 3394 1354 3441 ad

293 3457 384 3517 minus,
404 3459 435 3505 ed
455 3457 541 3506 horam
560 3459 609 3507 diei
629 3460 736 3520 primum
754 3458 780 3506 in
793 3458 917 3520 Cupitulo,
930 3463 987 3520 poet
998 3458 1176 3519 Martilogium,
1187 3473 1270 3506 coram
1291 3462 1356 3506 eeet

293 3522 386 3569 clericis
398 3523 505 3570 Eceleeie
517 3523 565 3585 legi
577 3528 603 3570 et
614 3524 718 3583 recimri,
728 3527 754 3571 et
767 3524 868 3571 recitate
876 3538 934 3571 cum
945 3523 1036 3571 effectu
1047 3522 1172 3569 obeervari
1179 3522 1279 3579 iccium,
1288 3522 1355 3571 eleut

293 3586 468 3645 inobedienoie,
491 3592 658 3651 contemptus,
689 3593 715 3636 et
737 3588 841 3650 perjurii
871 3592 958 3635 notem
977 3588 1085 3648 effugere
1106 3586 1247 3644 voluerint3
1275 3602 1307 3634 ne
1329 3588 1355 3636 in

293 3652 439 3699 execucione
446 3657 472 3699 et
479 3652 637 3701 visitacionis
645 3653 730 3712 officio,
739 3668 797 3701 cum
804 3652 928 3711 acciderit,
935 3667 1011 3714 super
1018 3651 1195 3711 inobediencia,
1200 3655 1355 3714 contemptu,

293 3720 320 3763 et
340 3716 550 3779 perjurio-quod
567 3718 731 3779 abuit-ipsos
744 3731 849 3777 arguere
860 3717 1002 3764 debeamus.
1038 3716 1191 3777 Rescripturi
1202 3715 1273 3763 nobie
1292 3717 1355 3765 citre

294 3781 400 3829 Festum
411 3782 530 3831 Omnium
549 3785 705 3842 Sanctorum,
718 3797 762 3844 per
783 3782 879 3829 Liberae
899 3786 994 3829 vestrae
1014 3781 1139 3840 Patentes,
1159 3780 1250 3828 horum
1266 3782 1355 3829 seriem

294 3846 458 3907 continentee,
471 3846 531 3908 quid
544 3847 652 3895 feceritis
664 3847 689 3894 in
705 3846 970 3909 premiesie-Datum
982 3850 1030 3894 etc.
1045 3862 1052 3905 ;
1076 3841 1128 3893 66¹³.

199 3942 266 4007 The
282 3944 543 4029 Succentorship,
559 3944 625 4008 and
641 3944 698 4007 the
714 3943 908 4008 Chorislere'
924 3942 1098 4018 School,-

261 4064 335 4113 Anno
347 4064 441 4123 eodem,
455 4064 557 4125 Exonie,
570 4064 596 4127 iij
618 4064 702 4112 Nonne
714 4063 806 4126 Aprilis
823 4061 849 4126 [3
864 4063 941 4125 April,
957 4062 1038 4123 1276]‚
1060 4062 1139 4111 exivit
1151 4062 1236 4111 Litere
1246 4060 1294 4112 eub
1308 4063 1356 4112 hee

294 4129 373 4178 forma
390 4130 556 4179 :··-Uniuersis
568 4135 614 4178 etc.
649 4129 775 4176 Walterue
795 4134 841 4176 etc.
859 4128 966 4175 salutem
979 4128 1004 4175 iu
1017 4127 1125 4176 Domino
1136 4127 1356 4189 sempiternam-

295 4194 496 4242 Inetrumeutum
515 4193 676 4243 concessionis
697 4193 845 4241 dilecturum
863 4192 980 4252 filiorum,
999 4192 1092 4241 Deceni
1112 4197 1138 4239 et
1155 4192 1265 4255 Capituli
1276 4193 1356 4241 nostri

209 4290 707 4299 ——.----—----—-—--.---
881 4289 905 4295 .-
1046 4290 1192 4297 α...-

200 4328 362 4411 ¹[“Ecelesie
397 4374 402 4385 .
438 4374 443 4385 .
482 4371 499 4412 ¹.
524 4335 589 4385 Nola
597 4337 623 4398 ’']
641 4337 741 4385 written
753 4336 780 4384 iu
791 4336 836 4385 the
847 4336 943 4399 margin
956 4335 990 4400 by
1001 4336 1095 4399 Bishop
1107 4337 1268 4385 Grandieeon.

200 4398 210 4429 ²
226 4415 250 4449 rx
264 4401 388 4451 Knlendes
399 4400 521 4451 Octobre-
