3242 5100
540 532 724 587 usnnsm
747 532 883 585 mnnx.
1224 506 1297 580 267

240 688 390 737 tmvsrimus
400 687 426 736 in
438 702 527 736 manns
538 691 643 747 nostrus,
654 690 681 735 st
691 686 739 735 snb
750 687 886 749 sequestro
896 690 980 734 nostro
991 684 1092 734 retineri
1101 683 1283 733 decreverimus

239 769 371 817 quousque
398 752 523 801 Mendetis
551 751 659 800 Ecclesie
685 756 790 813 pereunt
814 750 1050 811 reverenter,-Ncs
1077 749 1158 798 tocius
1185 746 1291 811 predicti

240 817 369 880 Sequestri
381 817 527 866 Custodiam
538 816 629 865 dilecto
641 816 692 864 filio
703 820 788 864 nostro
801 816 917 874 lieberto,
930 814 1030 865 Rectcri
1042 814 1150 863 Ecclesis
1160 814 1192 861 de
1204 811 1291 860 Monk-

241 883 413 941 ochmentone
433 881 603 930 commisimus
621 886 648 929 et
666 880 856 940 committimus,
874 880 955 929 eidem
974 879 1136 943 injungentes
1158 882 1189 927 ut
1207 881 1291 927 totum

241 947 338 995 dietum
350 947 521 1008 sequestrum,
536 962 580 1008 per
595 945 680 1004 ss,ch
696 961 741 1007 per
756 945 835 993 elium
852 945 892 993 vel
907 945 975 1003 elios,
988 959 1065 1007 quem
1076 944 1115 993 vel
1126 959 1190 1005 quos
1200 942 1233 991 sd
1244 940 1292 989 boc

242 1012 344 1060 duxerit
353 1011 528 1074 deputandum
542 1009 581 1059 rel
595 1010 760 1072 deputandos,
771 1010 840 1057 sslvo
857 1009 983 1058 custodiet
999 1024 1044 1057 seu
1064 1008 1184 1057 custodiri
1196 1007 1271 1055 locist
1284 1021 1290 1064 ;

241 1076 434 1127 contradictores
444 1080 473 1123 et
482 1075 586 1123 rebelles
597 1090 781 1137 percensumm
799 1074 995 1123 Ecclesiasticem
1012 1073 1195 1136 compescendo.
1231 1072 1290 1127 Noe,

242 1146 335 1201 auum,
353 1140 497 1189 &nundus
508 1139 781 1187 Exccmmunicscionis
792 1140 832 1187 vel
849 1138 1030 1201 Suspensionis,
1043 1139 1070 1186 in
1081 1143 1240 1187 crintumsces
1252 1135 1291 1183 vel

242 1205 345 1254 rebelles
361 1206 393 1253 sb
412 1205 498 1253 eodem
513 1206 618 1253 Rectore
633 1204 696 1252 latas
710 1204 861 1253 auctoritate
877 1208 962 1251 nostre
980 1204 1018 1251 vel
1035 1202 1291 1261 lerendas,iucien1us

242 1269 418 1319 inviolabiliter
428 1268 690 1318 obsensri-Dstum
701 1269 769 1332 spud
778 1269 899 1329 Teutone,
907 1284 972 1318 enno
983 1272 1010 1316 et
1020 1268 1061 1317 die
1072 1267 1221 1331 suprsdictis
1233 1282 1240 1326 ;
1252 1268 1291 1315 33.

232 1348 406 1437 Deposieio
420 1348 593 1416 Jolsurtnie
608 1348 745 1426 stetu
760 1348 900 1416 Abbctis
917 1348 1119 1416 Tavistoohs'e
1130 1378 1182 1416 ;-

212 1454 243 1504 Ιιι
263 1454 371 1504 Nomine
390 1453 499 1511 Domini,
521 1454 717 1503 Amen-Sicut
733 1454 860 1516 plentatcs
875 1452 901 1502 in
918 1453 1028 1502 Ecclesia
1045 1452 1091 1501 Dei
1110 1452 1291 1502 fructificantes

243 1520 333 1568 decens
344 1524 383 1567 cst
394 1524 420 1567 et
431 1519 566 1568 honestum
581 1519 719 1578 confovere,
732 1524 769 1578 ut,
780 1520 913 1567 uescendi»
929 1518 1035 1578 dilststi,
1052 1518 1175 1567 bonorum
1187 1533 1291 1581 operum

243 1584 343 1633 tructus
364 1584 457 1632 iaciant
477 1583 615 1646 ampliores,
638 1583 691 1646 piari
713 1583 814 1631 videtur
835 1584 932 1633 rociom
952 1599 1002 1632 uon
1021 1583 1154 1631 minimum
1174 1583 1291 1645 expedire

246 1648 341 1697 arrides
352 1649 405 1709 (sic)
428 1653 456 1698 et
465 1648 641 1702 infructuosos.
653 1664 716 1711 quos
726 1648 796 1697 nulla
807 1648 901 1711 poterit
911 1647 1010 1697 culture
1021 1646 1152 1711 diligencie
1162 1648 1194 1697 sd
1205 1647 1293 1696 fructi·

245 1714 372 1763 licendum
388 1713 529 1775 perducere,
547 1729 579 1761 ne
596 1713 719 1761 bousrim
737 1713 855 1762 srborum
874 1712 957 1761 locum
976 1712 1002 1761 in
1023 1728 1116 1761 venum
1131 1717 1260 1775 occupent,
1278 1728 1293 1760 s

245 1778 369 1841 plentario
396 1779 494 1827 Domus
515 1778 607 1826 Divinc
628 1777 729 1840 penitus
750 1778 888 1841 extirpatus
910 1792 987 1841 quam
1010 1777 1096 1839 procul
1118 1778 1247 1841 expellere,
1267 1777 1293 1825 in

245 1843 373 1892 doloribus
383 1848 411 1891 st
421 1842 543 1906 mgustiis
560 1843 857 1891 concremandos-Sene
868 1858 926 1891 cum
942 1858 996 1903 nos,
1011 1842 1142 1903 Walterus,
1155 1843 1203 1891 Dei
1212 1842 1294 1904 grecia

246 1907 393 1957 Exoniensis
410 1906 555 1971 Episcopus,
571 1907 598 1955 in
615 1908 687 1955 vines
703 1906 806 1955 Domini
822 1912 898 1970 prout
914 1907 1055 1956 sollicitudo
1072 1907 1205 1957 Pastorelis
1216 1906 1294 1969 exigit

246 1972 394 2033 laborantes,
405 1971 576 2021 intelleximus
592 1972 661 2036 quod
677 1972 812 2032 Johsunes,
824 1972 908 2021 dietus
920 1972 1033 2031 Ohubbe,
1046 1972 1130 2021 Abbss
1144 1970 1294 2031 Tsvistokic,

247 2037 280 2086 ob
296 2037 441 2086 manifestas
456 2036 561 2085 offensas
571 2041 599 2085 et
609 2038 777 2086 contumerias
793 2036 893 2086 vinculo
911 2037 1012 2099 Msjcris
1025 2036 1296 2087 Excommunicscionis

247 2118 291 2165 per
300 2102 488 2151 commissarios
495 2106 594 2150 nostros
605 2106 670 2151 esset
678 2102 820 2161 innodatus,
833 2102 900 2151 idem
907 2102 999 2161 illilus,
1011 2102 1037 2150 in
1049 2102 1138 2165 spiritu
1148 2101 1296 2161 devocionis,

249 2171 280 2216 ut
290 2167 430 2227 videbatur,
441 2167 474 2215 sd
485 2181 531 2216 nos
542 2166 650 2225 veniens,
662 2170 746 2215 rectus
756 2182 816 2215 suos
831 2182 1013 2229 recognoscens,
1026 2172 1052 2215 et
1063 2172 1158 2216 ststum
1171 2182 1254 2227 suum,
1266 2170 1298 2214 ut

247 2232 361 2291 essermt,
378 2231 480 2294 cupiens
496 2231 631 2291 emendari,
643 2231 748 2294 prestito
763 2232 907 2295 juramento
919 2232 950 2279 ub
962 2232 1049 2280 eodem
1065 2232 1192 2295 corporali,
1205 2231 1295 2293 promi·

248 2295 309 2345 serit
320 2295 389 2360 quod
399 2312 474 2359 super
484 2296 610 2360 premissis
618 2296 782 2345 contumaciis
793 2300 820 2345 et
831 2296 929 2345 offensis
940 2297 973 2345 ed
984 2295 1140 2345 volunlatem
1153 2301 1179 2345 et
1191 2296 1294 2346 Ordine·

248 2361 346 2411 cionem
362 2366 481 2421 nostem,
492 2361 547 2409 sine
557 2361 664 2423 strepitu
676 2361 796 2424 judiciali,
807 2362 962 2410 satisfaceret
972 2362 1004 2410 sd
1015 2362 1126 2425 plenum,
1138 2360 1297 2412 Ordinscicni

248 2430 333 2475 nostre
347 2425 398 2475 alte
413 2431 441 2475 et
458 2426 527 2475 besse
542 2441 569 2474 se
585 2431 674 2489 sponte
691 2426 882 2485 submittendc;
899 2426 984 2475 volens
999 2432 1026 2475 et
1036 2426 1172 2476 concedens
1183 2427 1258 2489 quod,
1276 2426 1298 2475 si

248 2495 336 2540 contre
349 2489 476 2556 premisse,
493 2491 533 2541 vel
549 2490 633 2555 sliquo
643 2490 830 2554 premissorum,
846 2491 898 2539 ullo
910 2507 1021 2556 unqusm
1033 2495 1146 2556 tempore
1157 2491 1260 2552 veniret,
1272 2491 1298 2540 in

250 2556 382 2618 pristinem
394 2555 449 2620 ipsc
461 2557 529 2606 tecte
539 2556 713 2605 retruderetur
728 2555 887 2606 Sentemim
900 2557 1188 2616 Excommunicucicnis;
1205 2562 1237 2616 et,
1249 2557 1298 2605 hiis

249 2620 329 2682 lactis,
340 2621 372 2669 sd
384 2621 440 2685 ejus
450 2620 599 2671 instsncinm
609 2621 693 2684 ipsum
704 2622 825 2670 duximus
835 2622 1024 2671 absolvendum.
1059 2623 1123 2685 Ipse,
1136 2639 1201 2681 vero,
1213 2622 1298 2670 Abbss

249 2685 418 2749 postmodum,
437 2686 521 2734 enimc
545 2686 671 2745 indurato,
693 2686 762 2749 quod
784 2702 828 2749 per
847 2686 1021 2748 juramentum
1042 2687 1123 2736 iecere
1151 2686 1298 2750 promiserat

249 2751 413 2800 irreverenter
428 2751 565 2814 adimplere
580 2751 750 2810 contempsit3
767 2753 948 2814 propterquod
964 2767 1009 2800 nos
1026 2751 1108 2814 ipsum
1125 2752 1151 2800 in
1167 2753 1298 2815 pristinem

249 2815 398 2864 retnisimus
407 2815 678 2865 Excommnnicacionis
687 2817 853 2878 sentenciam,
864 2816 965 2880 justicie
972 2816 1095 2879 exigente.
1115 2817 1171 2877 Qui,
1179 2817 1298 2880 temporis

249 2896 372 2944 processu,
390 2880 423 2928 sd
438 2879 555 2944 spiritum
574 2880 678 2929 sanioris
693 2880 796 2938 consilii,
815 2886 846 2931 ut
862 2881 974 2942 asseruit,
992 2881 1097 2940 rediens,
1114 2887 1142 2930 et
1157 2886 1244 2930 notam
1261 2881 1297 2930 in·

250 2945 392 2994 obediencie
403 2949 429 2994 et
439 2944 544 3008 periurii
552 2960 597 3008 per
605 2945 775 2994 Ecclesiastico
784 2945 852 2994 Disri
870 2946 920 2994 line
928 2946 1048 2995 meritum
1056 2947 1177 2995 redimere
1185 2946 1295 3009 cupiens,

250 3009 422 3059 Absolucionis
433 3008 587 3059 Beneficium
603 3010 727 3059 instanter
737 3010 784 3058 sibi
796 3027 812 3059 a
822 2962 893 3059 nobis
909 3011 1021 3074 impendi
1032 3011 1105 3074 petiit
1121 3011 1218 3061 iterato.
1253 3013 1295 3071 Et,

250 3074 310 3136 quis
320 3074 352 3123 sd
363 3073 561 3124 satisfaccionem
570 3075 719 3138 condigusm
731 3075 908 3138 premissorum
925 3080 986 3124 tunc
998 3075 1100 3125 minime
1111 3075 1256 3135 sufficiebat,
1269 3082 1300 3125 ut

249 3138 323 3199 dixit,
350 3155 425 3202 super
446 3138 564 3188 omnibus
591 3141 716 3203 premissis
738 3140 909 3200 contumaciis,
932 3141 1037 3201 eliensis,
1061 3146 1088 3189 et
1114 3141 1298 3202 inobedienciis,

250 3203 410 3264 ordinacioni,
426 3205 514 3267 grecie,
533 3208 561 3253 et
575 3204 702 3254 voluntati
718 3209 802 3253 nostre
822 3221 848 3253 se
865 3210 893 3254 et
911 3210 1008 3254 statum
1024 3220 1101 3254 suum
1117 3207 1168 3254 ulte
1187 3211 1214 3255 et
1229 3207 1299 3255 besse

251 3269 360 3318 mundo
376 3268 495 3318 submisit
509 3268 639 3325 obsolute5
660 3275 693 3328 et,
711 3269 828 3332 inspectis
845 3271 1012 3319 Sacrossnctis
1029 3271 1176 3335 Evangeliis,
1194 3272 1299 3334 prestito

251 3334 283 3382 sb
289 3333 377 3382 eodem
385 3332 485 3383 Abbste
492 3333 582 3382 iterato
589 3334 734 3397 jurumento
741 3335 867 3397 corpcrsli,
877 3335 993 3396 promisit
1003 3341 1029 3384 et
1039 3351 1066 3384 se
1077 3340 1165 3400 sponte
1174 3336 1300 3400 obligavit,

251 3397 300 3448 sub
310 3397 397 3448 debito
404 3397 543 3461 juramenti
550 3399 656 3461 prestiti,
668 3399 736 3462 quod
747 3415 823 3462 super
831 3400 956 3462 premissis
967 3400 1084 3449 omnibus
1095 3405 1122 3449 st
1132 3401 1236 3464 singulis
1244 3417 1300 3450 nos·

251 3466 318 3512 trem
326 3463 484 3513 voluntatem
495 3463 730 3513 ssuordinscionem
738 3464 843 3527 presciee
855 3463 909 3526 (sic)
921 3465 1024 3526 subiret,
1036 3471 1152 3526 maret,
1160 3471 1186 3516 et
1194 3471 1300 3528 teneret,

252 3543 297 3578 nee
316 3527 369 3577 ullo
382 3542 495 3591 unquam
511 3533 624 3592 tempore
638 3528 664 3576 in
679 3529 764 3591 sliquo
780 3529 981 3590 contraveuiiet3
1000 3530 1093 3591 volens,
1110 3531 1195 3592 eciem
1207 3536 1234 3580 et
1244 3547 1301 3581 con-

252 3593 342 3642 cedens
361 3593 437 3656 quod,
453 3592 475 3642 si
488 3597 576 3642 conns
592 3593 718 3657 premissa,
734 3594 775 3642 vel
791 3594 894 3657 aliquod
908 3595 1094 3658 premissorum,
1109 3611 1211 3660 quoquo
1226 3597 1301 3646 modo

252 3657 356 3718 renuet,
372 3657 430 3720 jure
445 3661 473 3706 st
486 3657 607 3721 regimim
622 3658 731 3707 Abbstie
747 3659 858 3721 predicte
870 3664 935 3708 esset
951 3659 1301 3724 privstusipsolacto,p1cut

253 3721 299 3771 hec
318 3722 403 3771 omnis
419 3720 446 3771 in
467 3721 557 3772 literis
573 3723 653 3787 ipsius
670 3723 776 3772 Abbatis
793 3723 893 3786 planius
915 3725 1081 3775 continentur.
1139 3726 1214 3776 Unde
1232 3726 1300 3777 idem

252 3785 338 3836 Abbss
349 3786 397 3836 sub
407 3785 488 3836 forma
498 3787 610 3851 predicta
621 3787 774 3838 Beneficium
784 3787 958 3838 Absolueionis
969 3789 1063 3839 meruit
1073 3790 1192 3854 optinere.
1242 3791 1300 3842 Pre-

253 3851 329 3913 lstus,
341 3866 408 3912 vero,
419 3852 511 3912 Abhos,
522 3851 616 3916 proprii
626 3853 727 3902 honoris
738 3857 765 3902 et
774 3853 864 3902 salutis
875 3853 1013 3914 immemor,
1025 3860 1125 3905 rectum
1136 3855 1240 3920 perjurii
1251 3872 1302 3907 non

252 3915 399 3978 formidans,
418 3917 488 3980 quod
507 3933 552 3980 per
569 3917 744 3982 juramentum
762 3918 843 3968 iacere
863 3919 984 3982 promisit,
1001 3919 1060 3969 licet
1079 3920 1163 3984 sepius
1182 3920 1301 3980 monitus,

252 3981 425 4030 inobedienter
440 3980 577 4046 adimplere
596 3983 715 4046 neglexit.
769 3981 885 4046 Cumque
901 3984 1062 4046 postmodum
1077 3985 1109 4034 da
1127 3985 1182 4048 ipsc
1195 3986 1302 4048 Abbste,

252 4061 304 4094 uns
314 4061 372 4095 cum
384 4046 518 4124 pressissis,
531 4062 561 4096 es
570 4047 643 4097 nobis
653 4048 798 4111 frequenter
808 4047 936 4097 insinuata
950 4048 1059 4098 luissent
1069 4065 1120 4113 que
1130 4051 1163 4100 ab
1173 4050 1305 4103 honestate

253 4111 360 4175 regulari
367 4111 475 4160 minium
483 4111 652 4172 dimonsbant,
659 4112 834 4176 frequentibus
845 4111 1029 4177 fldedignorum
1037 4113 1187 4165 clamoribus
1195 4117 1304 4180 exciteti,

253 4180 281 4224 et
295 4191 340 4239 per
355 4176 491 4225 Monechcs
502 4176 616 4240 ejusdem
628 4177 772 4226 Honesterii
782 4178 907 4228 instanter
917 4178 1077 4242 interpellati,
1089 4181 1115 4229 in
1126 4180 1195 4231 dicto
1206 4181 1304 4232 Mones·

254 4241 317 4290 teric
328 4240 478 4301 Tavistokie,
485 4241 610 4290 mistis
622 4241 693 4290 nobis
704 4242 764 4291 viris
775 4242 904 4308 Religiosis
915 4243 1030 4309 eJ'usdem
1041 4244 1142 4295 Ordinis
1153 4250 1180 4295 et
1190 4246 1304 4310 eliorum,

254 4309 312 4353 tum
329 4321 373 4368 per
389 4322 443 4362 nos,
462 4322 520 4355 cum
536 4322 581 4369 per
595 4306 695 4356 elericos
711 4312 818 4369 nostres,
829 4308 934 4357 diversis
945 4308 1049 4368 vicibus,
1061 4310 1142 4373 prims
1152 4310 1206 4360 vice
1216 4313 1305 4364 eodem

254 4370 354 4420 Abbste
371 4375 493 4435 presente,
514 4371 623 4421 munds
642 4372 824 4422 contumaciter
842 4373 953 4437 sbsenta,
970 4374 1003 4424 de
1023 4377 1094 4426 stetu
1112 4375 1175 4426 dicti
1191 4376 1298 4430 Abbaeis
