3242 5100
316 527 392 603 268

554 548 695 605 senor
711 526 1019 606 aaounscormn’s
1037 550 1229 612 naereses.

414 711 491 769 prout
504 722 565 755 cura
578 705 712 755 Pastoralis
723 704 804 757 Officii
815 705 928 769 requirit,
940 704 966 754 in
978 705 1058 756 forma
1074 707 1135 758 'uris
1146 708 1322 772 inquisivimus
1334 716 1361 760 et
1374 711 1468 775 inquiri

414 772 521 820 fecimus
531 772 670 834 diligenter.
715 771 791 821 Unde
802 786 848 834 per
857 771 1040 834 deposiciorrem
1079 773 1230 823 onachorum
1242 775 1356 839 ejusdem
1367 778 1464 825 lllonss·

415 835 480 898 terii,
488 851 585 886 necnon
595 852 641 900 per
647 836 829 899 deposicionem
842 835 947 885 aliorum
960 835 1143 900 fidedignorum
1154 838 1299 889 clericorum
1310 845 1337 889 et
1348 841 1467 890 laicorum

414 902 566 965 juratorum,
577 902 623 965 qui
634 902 767 951 veritatem
783 901 820 950 rei
837 905 906 965 geste
922 901 1013 950 melius
1024 908 1202 965 cognoverunt,
1213 910 1341 969 repertum
1354 906 1405 955 fuit
1415 922 1468 955 ease

414 967 554 1044 probatum
567 967 636 1043 quod
657 966 741 1079 dicitu
758 965 846 1079 Abbsfi
862 966 1145 1079 wniwwffi
1167 968 1290 1018 bonorum
1317 970 1468 1034 dilapidator

413 1032 631 1146 iiiiiiliis‘iiriiiiseii
645 1035 781 1156 'ilenti-imiimiu
782 1046 947 1155 1’desii-indm
965 1032 1467 1172 pmisgilqniarrri‘aliemmhffwqioaiirioiss

412 1161 630 1211 administracione
646 1160 822 1225 temporalium
835 1160 957 1210 bonorum
970 1162 1084 1223 ejusdem
1096 1162 1240 1212 Monssterr'i
1251 1164 1303 1213 fuit
1312 1180 1448 1228 suspensus
1459 1180 1465 1224 ς

412 1226 464 1289 qui,
480 1226 548 1275 dicte
559 1226 726 1290 suspensione
737 1241 788 1275 non
799 1224 924 1285 obstante,
933 1225 1071 1274 Custodem
1078 1228 1254 1290 temporalium
1265 1229 1388 1278 bonorum
1401 1230 1461 1278 dicti

412 1292 557 1340 Eonasterii
567 1307 613 1356 per
623 1306 669 1340 nos
679 1292 712 1340 de
723 1305 844 1339 consensu
861 1289 1041 1339 Moneohorum
1052 1290 1145 1340 ibidem
1157 1293 1309 1355 deputatum
1326 1294 1464 1357 impediens

411 1356 547 1419 quominus
567 1358 599 1407 de
617 1356 711 1405 eisdem
723 1356 756 1405 ad
768 1355 906 1403 utilitatem
923 1355 1037 1418 ejusdem
1054 1356 1199 1407 llonasterii
1215 1358 1365 1421 disponeret,
1377 1360 1465 1408 eadem

410 1421 477 1470 bona
491 1426 524 1470 ut
539 1421 616 1485 prius,
627 1420 705 1470 immo
721 1420 822 1483 gravius
833 1424 860 1467 et
871 1419 1004 1479 enormius,
1015 1419 1183 1484 dilapidando,
1195 1426 1223 1470 et
1233 1428 1317 1485 spreta
1328 1424 1465 1472 Monastics

410 1485 505 1550 Regale
516 1486 736 1536 constitucicnum
747 1484 909 1547 Regularium
916 1484 1053 1547 disciplina,
1064 1486 1131 1534 idem
1140 1486 1231 1547 abbas,
1243 1488 1361 1552 spiritum
1373 1488 1465 1537 furoris

410 1566 547 1665 iffi
561 1548 1265 1666 ‚itmdliroedliiillmqwffsliiffildd
1276 1552 1464 1667 {truste

409 1681 532 1730 violenter
542 1681 607 1742 exui,
619 1685 646 1730 et
657 1681 741 1742 ipsum
751 1679 783 1728 ab
795 1678 904 1728 Ecclesia
912 1650 1016 1740 ixtmhi,
1028 1683 1055 1728 et
1066 1631 1194 1743 captivurir
1205 1682 1230 1730 in
1244 1682 1374 1731 Cameram
1390 1698 1462 1732 suam

410 1746 513 1809 perduci
532 1746 598 1805 iecit,
614 1749 641 1794 et
660 1745 759 1793 diucius
775 1744 870 1792 ibidem
887 1743 999 1793 detineri.
1043 1744 1106 1805 Hiis,
1123 1761 1188 1805 vero,
1207 1762 1257 1795 non
1274 1750 1415 1807 contentus,
1437 1748 1462 1795 in

410 1811 533 1873 quosdam
546 1811 578 1859 de
596 1809 656 1874 ipsis
669 1808 804 1868 Monaehls,
818 1822 914 1857 necnon
928 1807 954 1856 in
967 1808 1089 1871 quosdam
1105 1810 1137 1858 de
1147 1810 1241 1859 familia
1256 1812 1400 1868 eorundem.
1417 1812 1465 1861 Dei

409 1876 500 1925 timore
516 1875 662 1938 postposito,
684 1874 711 1923 iu
731 1890 777 1923 suo
795 1874 913 1931 claustro.
930 1873 991 1922 hora
1007 1878 1137 1935 nocturna,
1154 1890 1245 1924 manus
1261 1874 1349 1940 injecit
1368 1880 1462 1925 temere

409 1940 536 1989 violentas
588 1940 620 1988 In
637 1940 766 2003 quosdam,
778 1944 873 1999 autern,
885 1938 1019 1987 Monachos
1035 1938 1068 1987 ed
1085 1938 1220 1989 Ecclesiam
1232 1940 1263 1989 ob
1275 1941 1314 1989 sui
1325 1940 1462 1991 tuicionem

409 2005 535 2067 fugientes
551 2004 620 2053 etin
637 2004 724 2053 eadem
741 2002 885 2061 existentes,
905 2002 1029 2051 insultum
1045 2002 1106 2051 feeit
1122 2004 1259 2053 terribilem
1274 2010 1301 2054 et
1314 2020 1440 2055 enormem
1454 2021 1461 2065 ;

407 2070 472 2118 ostia
488 2068 633 2118 Monastuii
648 2068 724 2117 armis
740 2067 826 2116 terreis
843 2067 998 2130 perforando,
1015 2068 1159 2117 incendium
1179 2069 1204 2118 in
1222 2070 1334 2133 predicto
1351 2070 1461 2120 claustro

407 2134 532 2183 commisit
542 2150 549 2193 ;
565 2134 629 2183 ostia
641 2133 730 2183 (telerii
741 2132 849 2187 Ecclesia
862 2137 892 2209 'at
908 2132 1070 2208 Thesaurarie
1085 2133 1224 2209 epuiregit;
1244 2136 1346 2213 groham
1365 2135 1391 2183 in
1409 2152 1460 2212 qur

407 2200 517 2313 sellu
534 2203 719 2313 trudat
728 2198 845 2311 titt
857 2198 1460 2329 tt‘ttttrttltttffluttt'tll

407 2335 480 2378 erant
489 2329 592 2391 inclusa,
603 2344 633 2377 oc
643 2328 721 2377 oeism
732 2327 827 2387 cartas,
838 2326 933 2387 Libros,
943 2325 1036 2375 Calices
1048 2333 1208 2389 consecratas,
1220 2345 1248 2377 ac
1259 2328 1318 2377 alias
1330 2346 1369 2378 res
1381 2330 1461 2379 varias

407 2400 434 2443 et
467 2394 534 2443 iures
550 2394 611 2443 tecit
624 2393 747 2441 violenter
761 2392 860 2450 deferri,
874 2391 977 2454 etipsos
993 2390 1067 2455 sigilli
1085 2390 1209 2442 cusudes
1231 2392 1258 2442 in
1280 2394 1390 2443 Ecclesia
1401 2410 1460 2445 cum

408 2410 528 2509 rioiincia
543 2459 605 2523 capi,
621 2462 648 2507 et
661 2458 693 2506 ad
706 2458 836 2506 (temeram
854 2470 925 2505 susm
939 2456 1050 2519 captivos
1098 2456 1177 2518 rduci,
1193 2462 1220 2506 et
1237 2458 1303 2521 ipsos
1318 2474 1363 2522 per
1379 2464 1461 2509 totam

408 2529 509 2576 noctem
525 2525 689 2575 incarceratos
707 2522 768 2571 tecit
786 2521 899 2582 detineri,
917 2535 1049 2586 quousque
1060 2472 1170 2572 iidicto
1187 2522 1266 2587 sigillo
1278 2527 1305 2573 et
1314 2524 1390 2574 rebus
1405 2524 1461 2575 aliis

408 2605 481 2640 suam
492 2591 565 2654 plene
575 2590 686 2639 fecerant
697 2588 854 2637 voluntatem
864 2600 870 2644 ;
888 2586 986 2650 aliaque
1002 2587 1113 2635 enormia
1123 2587 1150 2636 in
1162 2588 1300 2638 animosus
1311 2589 1458 2653 periculum,

409 2656 553 2705 Monasterii
563 2654 731 2731 dispendium,
741 2658 767 2702 et
778 2651 923 2701 scandalum
934 2651 1075 2700 multer-um
1117 2653 1246 2716 rpetravit.
1282 2653 1362 2715 Idem,
1373 2655 1458 2718 eciam,

407 2721 500 2781 Abbss,
516 2721 620 2769 diversis
643 2716 915 2767 Ercommunicacionis
932 2715 1071 2765 Sentenciis
1114 2717 1188 2780 ajorie
1205 2717 1331 2781 astrictus,
1347 2720 1460 2783 ipsarum

408 2786 598 2835 Sentenciarum
609 2799 660 2832 non
671 2784 778 2846 ignams,
791 2781 890 2830 Divinis
901 2796 928 2830 se
938 2779 1078 2830 immiscuit
1089 2781 1261 2832 irreverenter.

375 2850 499 2899 Omnibus
515 2849 642 2911 premissis
658 2863 716 2896 eum
732 2846 809 2896 animi
826 2846 938 2909 suspiriis
958 2849 985 2894 et
1005 2846 1086 2895 cordis
1110 2847 1232 2910 angustiis
1255 2848 1417 2899 consideratis
1432 2854 1460 2899 et

407 2915 539 2978 diligenter
558 2913 708 2978 ponderetis,
726 2910 895 2974 intelligentes
913 2911 1051 2960 secundum
1072 2911 1208 2988 Canoniess
1227 2913 1374 2990 Seneciones
1390 2915 1459 2977 quod

408 2975 1021 3107 rsus
1033 3040 1460 3104 rr

408 3125 460 3169 uos,
481 3110 665 3158 communicato
684 3107 887 3171 jurisperitorum
904 3105 1013 3166 consilio,
1032 3106 1157 3169 prefatum
1177 3106 1320 3156 iohannem
1338 3108 1460 3157 Choubbe

406 3173 461 3234 (sic)
474 3174 606 3234 Abbetem‚
623 3172 747 3236 legittime
765 3171 872 3220 citatum
889 3175 916 3219 et
932 3169 1049 3220 canonice
1066 3175 1233 3234 expectatum,
1245 3172 1335 3235 prefati
1352 3172 1459 3222 Abbatis

407 3239 548 3288 absenciam
567 3238 614 3287 Dei
632 3237 743 3300 replente
763 3235 896 3299 presencia,
915 3239 1035 3298 tanquam
1058 3235 1123 3283 male
1153 3236 1273 3284 meritum
1296 3241 1323 3286 et
1345 3237 1458 3299 predicto

406 3304 558 3353 Monasterio
573 3307 676 3366 propter
686 3302 797 3365 predicte
809 3305 836 3348 et
846 3299 894 3348 alia
905 3300 1080 3362 dampnosum,
1091 3300 1123 3348 ab
1134 3301 1350 3350 administracione
1362 3301 1458 3364 prefate

404 3369 519 3429 Abbatie,
530 3369 587 3432 jure
598 3372 625 3417 et
635 3366 755 3429 regimine
765 3366 888 3428 ejusdem,
900 3379 944 3427 per
955 3364 1113 3414 sentenciam
1125 3365 1290 3414 Diffinitivam
1301 3366 1458 3429 deponimus,

407 3434 541 3497 privamus,
553 3438 580 3482 et
591 3432 704 3481 totaliter·
714 3445 873 3490 amovemus;
891 3434 917 3478 et
927 3429 1121 3492 pronunciantes
1129 3430 1271 3492 predictum
1277 3430 1458 3480 Monosterium

407 3499 528 3562 regimine
538 3497 646 3547 Abbatis
656 3497 688 3546 de
699 3496 755 3559 jure
766 3495 835 3544 etde
846 3494 913 3543 facte
925 3509 1018 3542 vacare.
1053 3495 1095 3553 Et,
1112 3495 1172 3557 quia
1183 3495 1226 3544 ubi
1237 3495 1317 3560 magis
1329 3495 1458 3545 exceditur

406 3564 443 3613 riri
458 3563 568 3612 severius
585 3566 624 3611 est
635 3561 820 3620 vindicandum,
833 3557 1035 3623 prenominatum
1046 3557 1188 3608 iohannem
1201 3559 1307 3610 chubbe
1317 3577 1333 3609 a
1344 3561 1456 3610 celebra-

405 3629 475 3678 cione
503 3628 653 3677 Divinorum
674 3625 851 3688 suspendimus
873 3638 918 3686 per
936 3622 1092 3684 triennium
1120 3638 1207 3674 omnes
1234 3624 1369 3675 Monachus
1395 3625 1458 3675 dicti

408 3692 553 3743 Monasterii
573 3693 606 3741 ab
626 3691 740 3756 ejusdem
756 3688 906 3749 obediencia,
915 3687 1032 3737 vassallos
1048 3703 1156 3753 quoque,
1168 3694 1195 3739 et
1211 3689 1272 3738 alios
1288 3704 1460 3768 quoscumque

405 3758 472 3872 sibi,li
483 3772 655 3870 quacumque(l
664 3756 756 3869 tide&en
743 3754 842 3868 ratecrl'lrrno
861 3753 932 3867 (1ίὲ
933 3753 1096 3867 Ιῌοηωῐοήὲ
1112 3754 1181 3818 prius
1203 3755 1457 3870 astrp'pltquallpapJus

404 3824 705 3950 tuttelstet
727 3833 1032 3946 admiralii?
1045 3899 1076 3932 α
1094 3833 1457 3947 {immittunt}

405 3953 548 4017 questiones
569 3951 575 3962 '
689 3949 757 3999 ’tetis
772 3948 851 4012 ipsius
868 3949 965 4010 plenius
982 3949 1160 3998 examinandas
1176 3953 1202 3997 et
1219 3949 1333 3999 examine
1348 3949 1456 4014 juridico

402 4017 574 4067 discuciendas
584 4031 618 4065 no
635 4016 657 4064 is
668 4019 695 4064 et
704 4014 763 4064 Sodi
774 4013 911 4062 Exoniensi
921 4027 1082 4062 reservamus.

372 4082 468 4132 Datum
480 4087 507 4131 et
517 4082 612 4132 Actum
620 4081 646 4130 in
656 4079 773 4156 Capitale
781 4077 947 4128 conventuali
955 4079 987 4126 de
995 4077 1136 4140 Eavistoke,
1145 4077 1219 4127 Anno
1226 4078 1328 4128 Domini
1336 4077 1382 4130 Ma,
1392 4079 1453 4130 000.

397 4147 568 4273 leexaghrisimp0
581 4161 654 4208 nono,
677 4160 704 4194 rn
726 4143 835 4194 <restim
857 4143 943 4194 Sancti
965 4140 1115 4205 Eduuardi,¹
1136 4143 1211 4208 Regis
1232 4149 1259 4193 ot
1278 4145 1387 4194 Mentiris
1410 4143 1454 4208 [1⁹

425 4229 466 4262 arc
508 4228 514 4272 ;
569 4252 574 4260 .

303 4352 312 4385 ¹
330 4355 391 4406 This
408 4357 552 4406 Document
567 4356 589 4404 is
606 4355 706 4419 printed
725 4354 759 4418 by
771 4353 856 4402 Oliver
936 4351 1035 4415 rately;
1052 4367 1095 4416 eg.
1105 4351 1191 4401 hehas
1202 4350 1345 4402 “Bdmrmdi
1355 4351 1454 4416 uagis?

328 4419 357 4470 in
370 4420 410 4471 his
421 4421 582 4482 dicaculum,
595 4421 644 4469 but
654 4424 702 4469 not
712 4434 772 4483 very
784 4433 855 4468 accu-
937 4417 1001 4466 lrere.
