<?xml version="1.0" encoding="UTF-8"?>
<!DOCTYPE html PUBLIC "-//W3C//DTD XHTML 1.0 Transitional//EN"
    "http://www.w3.org/TR/xhtml1/DTD/xhtml1-transitional.dtd">
<html xmlns="http://www.w3.org/1999/xhtml" xml:lang="en" lang="en">
 <head>
  <title>
</title>
<meta http-equiv="Content-Type" content="text/html;charset=utf-8" />
  <meta name='ocr-system' content='tesseract 3.04.00' />
  <meta name='ocr-capabilities' content='ocr_page ocr_carea ocr_par ocr_line ocrx_word'/>
</head>
<body>
  <div class='ocr_page' id='page_1' title='image "./registerswalter01hinggoog_0056.png"; bbox 0 0 3242 5100; ppageno 0'>
   <div class='ocr_carea' id='block_1_1' title="bbox 352 473 1075 551">
    <p class='ocr_par' dir='ltr' id='par_1_1' title="bbox 352 473 1075 551">
     <span class='ocr_line' id='line_1_1' title="bbox 352 473 1075 551; baseline 0.011 -7"><span class='ocrx_word' id='word_1_1' title='bbox 352 473 398 544; x_wconf 88' lang='grc'><strong>16</strong></span> <span class='ocrx_word' id='word_1_2' title='bbox 781 495 860 549; x_wconf 78' lang='lat' dir='ltr'><strong>nnn</strong></span> <span class='ocrx_word' id='word_1_3' title='bbox 885 495 1075 551; x_wconf 83' lang='lat' dir='ltr'><strong>ancrsrna</strong></span> 
     </span>
    </p>
   </div>
   <div class='ocr_carea' id='block_1_2' title="bbox 289 649 1504 2989">
    <p class='ocr_par' dir='ltr' id='par_1_2' title="bbox 289 649 1504 2826">
     <span class='ocr_line' id='line_1_2' title="bbox 350 649 1500 714; baseline 0.002 -16"><span class='ocrx_word' id='word_1_4' title='bbox 350 649 529 698; x_wconf 81' lang='lat' dir='ltr'><strong>mercatoribus</strong></span> <span class='ocrx_word' id='word_1_5' title='bbox 541 649 699 712; x_wconf 72' lang='lat' dir='ltr'><strong>Florentinis,</strong></span> <span class='ocrx_word' id='word_1_6' title='bbox 712 651 829 714; x_wconf 83' lang='lat' dir='ltr'><strong>Parisios,</strong></span> <span class='ocrx_word' id='word_1_7' title='bbox 840 652 888 701; x_wconf 84' lang='lat' dir='ltr'><strong>sub</strong></span> <span class='ocrx_word' id='word_1_8' title='bbox 899 651 946 701; x_wconf 88' lang='lat' dir='ltr'><strong>bac</strong></span> <span class='ocrx_word' id='word_1_9' title='bbox 956 653 1037 702; x_wconf 76' lang='lat' dir='ltr'><strong>ior-ma</strong></span> <span class='ocrx_word' id='word_1_10' title='bbox 1046 651 1216 703; x_wconf 85' lang='lat' dir='ltr'><strong>:-Unirsrsis</strong></span> <span class='ocrx_word' id='word_1_11' title='bbox 1227 656 1283 710; x_wconf 89' lang='lat' dir='ltr'><strong>etc,</strong></span> <span class='ocrx_word' id='word_1_12' title='bbox 1295 651 1429 713; x_wconf 79' lang='lat' dir='ltr'><strong>walterus,</strong></span> <span class='ocrx_word' id='word_1_13' title='bbox 1441 653 1500 708; x_wconf 85' lang='lat' dir='ltr'><strong>etc;</strong></span> 
     </span>
     <span class='ocr_line' id='line_1_3' title="bbox 349 713 1502 781; baseline 0.003 -18"><span class='ocrx_word' id='word_1_14' title='bbox 349 713 457 763; x_wconf 81' lang='lat' dir='ltr'><strong>Noverit</strong></span> <span class='ocrx_word' id='word_1_15' title='bbox 474 715 629 764; x_wconf 82' lang='lat' dir='ltr'><strong>Universitas</strong></span> <span class='ocrx_word' id='word_1_16' title='bbox 647 719 730 765; x_wconf 86' lang='lat' dir='ltr'><strong>vestra</strong></span> <span class='ocrx_word' id='word_1_17' title='bbox 746 718 815 780; x_wconf 92' lang='lat' dir='ltr'><strong>quod</strong></span> <span class='ocrx_word' id='word_1_18' title='bbox 831 733 878 766; x_wconf 88' lang='lat' dir='ltr'><strong>noa</strong></span> <span class='ocrx_word' id='word_1_19' title='bbox 892 718 1031 781; x_wconf 75' lang='lat' dir='ltr'><strong>recepimus</strong></span> <span class='ocrx_word' id='word_1_20' title='bbox 1042 722 1069 766; x_wconf 93' lang='lat' dir='ltr'><strong>et</strong></span> <span class='ocrx_word' id='word_1_21' title='bbox 1087 717 1222 767; x_wconf 76' lang='lat' dir='ltr'>habuimus</span> <span class='ocrx_word' id='word_1_22' title='bbox 1240 734 1255 766; x_wconf 92' lang='lat' dir='ltr'><strong>a</strong></span> <span class='ocrx_word' id='word_1_23' title='bbox 1275 717 1367 767; x_wconf 80' lang='lat' dir='ltr'><strong>(laelio</strong></span> <span class='ocrx_word' id='word_1_24' title='bbox 1389 716 1502 777; x_wconf 75' lang='lat' dir='ltr'><strong>Renaldi,</strong></span> 
     </span>
     <span class='ocr_line' id='line_1_4' title="bbox 351 779 1501 843; baseline 0.001 -15"><span class='ocrx_word' id='word_1_25' title='bbox 351 779 451 828; x_wconf 77' lang='lat' dir='ltr'><strong>Cultero</strong></span> <span class='ocrx_word' id='word_1_26' title='bbox 463 779 553 841; x_wconf 85' lang='lat' dir='ltr'><strong>Sooldi,</strong></span> <span class='ocrx_word' id='word_1_27' title='bbox 566 781 659 829; x_wconf 81' lang='lat' dir='ltr'><strong>Franco</strong></span> <span class='ocrx_word' id='word_1_28' title='bbox 671 781 815 841; x_wconf 77' lang='lat' dir='ltr'><strong>Plebanelli,</strong></span> <span class='ocrx_word' id='word_1_29' title='bbox 827 786 854 831; x_wconf 91' lang='lat' dir='ltr'><strong>et</strong></span> <span class='ocrx_word' id='word_1_30' title='bbox 866 781 962 831; x_wconf 86' lang='lat' dir='ltr'><strong>Renero</strong></span> <span class='ocrx_word' id='word_1_31' title='bbox 977 783 1071 843; x_wconf 84' lang='lat' dir='ltr'><strong>Jacobi,</strong></span> <span class='ocrx_word' id='word_1_32' title='bbox 1082 783 1161 843; x_wconf 86' lang='lat' dir='ltr'><strong>sociis,</strong></span> <span class='ocrx_word' id='word_1_33' title='bbox 1178 783 1275 832; x_wconf 82' lang='lat' dir='ltr'><strong>civibus</strong></span> <span class='ocrx_word' id='word_1_34' title='bbox 1285 787 1313 832; x_wconf 89' lang='lat' dir='ltr'><strong>at</strong></span> <span class='ocrx_word' id='word_1_35' title='bbox 1322 781 1501 831; x_wconf 83' lang='lat' dir='ltr'><strong>mercatoribus</strong></span> 
     </span>
     <span class='ocr_line' id='line_1_5' title="bbox 350 844 1501 912; baseline 0.003 -20"><span class='ocrx_word' id='word_1_36' title='bbox 350 844 508 906; x_wconf 71' lang='lat' dir='ltr'><strong>Florentinis,</strong></span> <span class='ocrx_word' id='word_1_37' title='bbox 525 845 645 896; x_wconf 87' lang='lat' dir='ltr'><strong>dantibus</strong></span> <span class='ocrx_word' id='word_1_38' title='bbox 661 850 688 894; x_wconf 90' lang='lat' dir='ltr'><strong>et</strong></span> <span class='ocrx_word' id='word_1_39' title='bbox 704 846 860 896; x_wconf 72' lang='lat' dir='ltr'>solventibus</span> <span class='ocrx_word' id='word_1_40' title='bbox 875 863 921 910; x_wconf 93' lang='lat' dir='ltr'><strong>pro</strong></span> <span class='ocrx_word' id='word_1_41' title='bbox 937 846 1024 912; x_wconf 84' lang='lat' dir='ltr'><strong>seipsis</strong></span> <span class='ocrx_word' id='word_1_42' title='bbox 1040 853 1067 896; x_wconf 88' lang='lat' dir='ltr'><strong>et</strong></span> <span class='ocrx_word' id='word_1_43' title='bbox 1082 848 1177 896; x_wconf 89' lang='lat' dir='ltr'><strong>Vberto</strong></span> <span class='ocrx_word' id='word_1_44' title='bbox 1188 848 1301 909; x_wconf 84' lang='lat' dir='ltr'><strong>Rsnaldi,</strong></span> <span class='ocrx_word' id='word_1_45' title='bbox 1315 847 1410 897; x_wconf 81' lang='lat' dir='ltr'><strong>Jacobo</strong></span> <span class='ocrx_word' id='word_1_46' title='bbox 1426 847 1501 895; x_wconf 86' lang='lat' dir='ltr'><strong>Rem-</strong></span> 
     </span>
     <span class='ocr_line' id='line_1_6' title="bbox 349 909 1502 972; baseline 0.003 -16"><span class='ocrx_word' id='word_1_47' title='bbox 349 909 449 971; x_wconf 88' lang='lat' dir='ltr'><strong>bertini,</strong></span> <span class='ocrx_word' id='word_1_48' title='bbox 461 909 611 959; x_wconf 67' lang='lat' dir='ltr'><strong>Bonencnm</strong></span> <span class='ocrx_word' id='word_1_49' title='bbox 622 910 743 972; x_wconf 84' lang='lat' dir='ltr'><strong>Niclrolai,</strong></span> <span class='ocrx_word' id='word_1_50' title='bbox 755 915 782 960; x_wconf 88' lang='lat' dir='ltr'><strong>et</strong></span> <span class='ocrx_word' id='word_1_51' title='bbox 792 911 809 960; x_wconf 85' lang='lat' dir='ltr'>J</span> <span class='ocrx_word' id='word_1_52' title='bbox 810 912 886 960; x_wconf 88' lang='lat' dir='ltr'><strong>acobo</strong></span> <span class='ocrx_word' id='word_1_53' title='bbox 899 912 1041 970; x_wconf 86' lang='lat' dir='ltr'><strong>Bonacursi,</strong></span> <span class='ocrx_word' id='word_1_54' title='bbox 1052 918 1080 961; x_wconf 90' lang='lat' dir='ltr'><strong>et</strong></span> <span class='ocrx_word' id='word_1_55' title='bbox 1093 913 1149 960; x_wconf 89' lang='lat' dir='ltr'><strong>aliia</strong></span> <span class='ocrx_word' id='word_1_56' title='bbox 1160 928 1246 961; x_wconf 90' lang='lat' dir='ltr'><strong>eorum</strong></span> <span class='ocrx_word' id='word_1_57' title='bbox 1257 912 1330 962; x_wconf 88' lang='lat' dir='ltr'><strong>sociis</strong></span> <span class='ocrx_word' id='word_1_58' title='bbox 1341 912 1464 960; x_wconf 82' lang='lat' dir='ltr'><strong>universis</strong></span> <span class='ocrx_word' id='word_1_59' title='bbox 1474 911 1502 960; x_wconf 93' lang='lat' dir='ltr'><strong>in</strong></span> 
     </span>
     <span class='ocr_line' id='line_1_7' title="bbox 349 973 1499 1040; baseline 0.003 -18"><span class='ocrx_word' id='word_1_60' title='bbox 349 973 465 1036; x_wconf 87' lang='lat' dir='ltr'><strong>solidum,</strong></span> <span class='ocrx_word' id='word_1_61' title='bbox 488 975 658 1038; x_wconf 86' lang='lat' dir='ltr'><strong>septingentas</strong></span> <span class='ocrx_word' id='word_1_62' title='bbox 680 981 707 1025; x_wconf 87' lang='lat' dir='ltr'><strong>at</strong></span> <span class='ocrx_word' id='word_1_63' title='bbox 724 976 861 1040; x_wconf 73' lang='lat' dir='ltr'><strong>nonaginta</strong></span> <span class='ocrx_word' id='word_1_64' title='bbox 880 993 974 1026; x_wconf 82' lang='lat' dir='ltr'><strong>marcas</strong></span> <span class='ocrx_word' id='word_1_65' title='bbox 990 992 1114 1028; x_wconf 77' lang='lat' dir='ltr'><strong>novorum</strong></span> <span class='ocrx_word' id='word_1_66' title='bbox 1131 982 1159 1026; x_wconf 89' lang='lat' dir='ltr'><strong>et</strong></span> <span class='ocrx_word' id='word_1_67' title='bbox 1176 977 1293 1040; x_wconf 87' lang='lat' dir='ltr'><strong>legalium</strong></span> <span class='ocrx_word' id='word_1_68' title='bbox 1313 977 1499 1040; x_wconf 64' lang='lat' dir='ltr'><strong>sterlingorum,</strong></span> 
     </span>
     <span class='ocr_line' id='line_1_8' title="bbox 349 1039 1503 1106; baseline 0.003 -19"><span class='ocrx_word' id='word_1_69' title='bbox 349 1039 469 1088; x_wconf 85' lang='lat' dir='ltr'><strong>tredecim</strong></span> <span class='ocrx_word' id='word_1_70' title='bbox 480 1039 566 1089; x_wconf 92' lang='lat' dir='ltr'><strong>solidis</strong></span> <span class='ocrx_word' id='word_1_71' title='bbox 583 1046 609 1089; x_wconf 87' lang='lat' dir='ltr'><strong>ct</strong></span> <span class='ocrx_word' id='word_1_72' title='bbox 625 1045 735 1104; x_wconf 86' lang='lat' dir='ltr'><strong>quatuor</strong></span> <span class='ocrx_word' id='word_1_73' title='bbox 750 1041 877 1104; x_wconf 86' lang='lat' dir='ltr'><strong>sterlingis</strong></span> <span class='ocrx_word' id='word_1_74' title='bbox 887 1057 932 1104; x_wconf 91' lang='lat' dir='ltr'><strong>pro</strong></span> <span class='ocrx_word' id='word_1_75' title='bbox 948 1057 1032 1091; x_wconf 90' lang='lat' dir='ltr'><strong>marca</strong></span> <span class='ocrx_word' id='word_1_76' title='bbox 1047 1042 1160 1104; x_wconf 87' lang='lat' dir='ltr'><strong>qualibet</strong></span> <span class='ocrx_word' id='word_1_77' title='bbox 1175 1043 1328 1106; x_wconf 90' lang='lat' dir='ltr'><strong>computatis</strong></span> <span class='ocrx_word' id='word_1_78' title='bbox 1342 1058 1349 1101; x_wconf 81' lang='lat'>3</span> <span class='ocrx_word' id='word_1_79' title='bbox 1366 1057 1430 1105; x_wconf 86' lang='lat' dir='ltr'><strong>ques</strong></span> <span class='ocrx_word' id='word_1_80' title='bbox 1440 1041 1503 1090; x_wconf 88' lang='lat' dir='ltr'><strong>dicti</strong></span> 
     </span>
     <span class='ocr_line' id='line_1_9' title="bbox 349 1105 1503 1219; baseline 0.003 -67"><span class='ocrx_word' id='word_1_81' title='bbox 349 1108 498 1153; x_wconf 89' lang='lat' dir='ltr'><strong>mercatores</strong></span> <span class='ocrx_word' id='word_1_82' title='bbox 510 1109 632 1154; x_wconf 90' lang='lat' dir='ltr'><strong>eteorum</strong></span> <span class='ocrx_word' id='word_1_83' title='bbox 644 1105 703 1154; x_wconf 89' lang='lat' dir='ltr'><strong>socii</strong></span> <span class='ocrx_word' id='word_1_84' title='bbox 719 1106 751 1154; x_wconf 90' lang='lat' dir='ltr'><strong>de</strong></span> <span class='ocrx_word' id='word_1_85' title='bbox 767 1106 840 1155; x_wconf 87' lang='lat' dir='ltr'><strong>nobis</strong></span> <span class='ocrx_word' id='word_1_86' title='bbox 851 1112 879 1155; x_wconf 90' lang='lat' dir='ltr'><strong>et</strong></span> <span class='ocrx_word' id='word_1_87' title='bbox 894 1106 1096 1170; x_wconf 71' lang='lat' dir='ltr'><strong>procuratoribus</strong></span> <span class='ocrx_word' id='word_1_88' title='bbox 1107 1108 1206 1168; x_wconf 88' lang='lat' dir='ltr'><strong>nostris,</strong></span> <span class='ocrx_word' id='word_1_89' title='bbox 1219 1108 1348 1157; x_wconf 74' lang='lat' dir='ltr'><strong>Inndorrie</strong></span> <span class='ocrx_word' id='word_1_90' title='bbox 1359 1107 1387 1156; x_wconf 90' lang='lat' dir='ltr'><strong>in</strong></span> <span class='ocrx_word' id='word_1_91' title='bbox 1403 1106 1503 1219; x_wconf 55' lang='lat' dir='ltr'><strong>Angxlm,</strong></span> 
     </span>
     <span class='ocr_line' id='line_1_10' title="bbox 349 1168 1504 1234; baseline 0.001 -16"><span class='ocrx_word' id='word_1_92' title='bbox 349 1183 364 1218; x_wconf 85' lang='lat' dir='ltr'><strong>a</strong></span> <span class='ocrx_word' id='word_1_93' title='bbox 382 1168 458 1218; x_wconf 81' lang='lat' dir='ltr'><strong>Festo</strong></span> <span class='ocrx_word' id='word_1_94' title='bbox 477 1169 660 1219; x_wconf 84' lang='lat' dir='ltr'><strong>Purificacionis</strong></span> <span class='ocrx_word' id='word_1_95' title='bbox 678 1171 755 1220; x_wconf 87' lang='lat' dir='ltr'><strong>Beate</strong></span> <span class='ocrx_word' id='word_1_96' title='bbox 777 1171 855 1220; x_wconf 82' lang='lat' dir='ltr'><strong>Maris</strong></span> <span class='ocrx_word' id='word_1_97' title='bbox 878 1169 904 1234; x_wconf 86' lang='lat'><strong>[2</strong></span> <span class='ocrx_word' id='word_1_98' title='bbox 927 1170 1073 1232; x_wconf 72' lang='lat' dir='ltr'><strong>Februar&#39;ss,</strong></span> <span class='ocrx_word' id='word_1_99' title='bbox 1095 1172 1170 1221; x_wconf 81' lang='lat' dir='ltr'><strong>Anno</strong></span> <span class='ocrx_word' id='word_1_100' title='bbox 1193 1173 1281 1221; x_wconf 80' lang='lat' dir='ltr'><strong>Gracia</strong></span> <span class='ocrx_word' id='word_1_101' title='bbox 1304 1170 1347 1219; x_wconf 78' lang='grc' dir='ltr'><strong>Μ0</strong></span> <span class='ocrx_word' id='word_1_102' title='bbox 1371 1170 1426 1221; x_wconf 88' lang='lat' dir='ltr'><strong>CC⁰</strong></span> <span class='ocrx_word' id='word_1_103' title='bbox 1476 1170 1504 1219; x_wconf 80' lang='lat'><strong>1⁰</strong></span> 
     </span>
     <span class='ocr_line' id='line_1_11' title="bbox 348 1235 1503 1300; baseline 0.002 -18"><span class='ocrx_word' id='word_1_104' title='bbox 348 1235 465 1294; x_wconf 89' lang='lat' dir='ltr'><strong>secundo,</strong></span> <span class='ocrx_word' id='word_1_105' title='bbox 488 1249 568 1298; x_wconf 87' lang='lat' dir='ltr'><strong>usque</strong></span> <span class='ocrx_word' id='word_1_106' title='bbox 591 1236 623 1284; x_wconf 90' lang='lat' dir='ltr'><strong>ad</strong></span> <span class='ocrx_word' id='word_1_107' title='bbox 646 1237 750 1284; x_wconf 82' lang='lat' dir='ltr'><strong>Festum</strong></span> <span class='ocrx_word' id='word_1_108' title='bbox 774 1236 860 1285; x_wconf 81' lang='lat' dir='ltr'><strong>Sancti</strong></span> <span class='ocrx_word' id='word_1_109' title='bbox 882 1237 994 1300; x_wconf 72' lang='lat' dir='ltr'><strong>Gregorii</strong></span> <span class='ocrx_word' id='word_1_110' title='bbox 1014 1238 1057 1299; x_wconf 85' lang='lat'><strong>[12</strong></span> <span class='ocrx_word' id='word_1_111' title='bbox 1077 1237 1181 1298; x_wconf 82' lang='lat' dir='ltr'><strong>ldcrchJ,</strong></span> <span class='ocrx_word' id='word_1_112' title='bbox 1211 1237 1250 1285; x_wconf 67' lang='grc' dir='ltr'><strong>Μ’)</strong></span> <span class='ocrx_word' id='word_1_113' title='bbox 1269 1235 1324 1287; x_wconf 75' lang='lat'><strong>000</strong></span> <span class='ocrx_word' id='word_1_114' title='bbox 1349 1237 1406 1286; x_wconf 86' lang='lat' dir='ltr'><strong>lxx⁰</strong></span> <span class='ocrx_word' id='word_1_115' title='bbox 1424 1237 1503 1285; x_wconf 80' lang='lat' dir='ltr'><strong>tercio</strong></span> 
     </span>
     <span class='ocr_line' id='line_1_12' title="bbox 349 1301 1504 1365; baseline 0.002 -17"><span class='ocrx_word' id='word_1_116' title='bbox 349 1305 497 1362; x_wconf 81' lang='lat' dir='ltr'><strong>receperunt</strong></span> <span class='ocrx_word' id='word_1_117' title='bbox 513 1306 540 1349; x_wconf 90' lang='lat' dir='ltr'><strong>et</strong></span> <span class='ocrx_word' id='word_1_118' title='bbox 555 1301 626 1349; x_wconf 87' lang='lat' dir='ltr'><strong>nobis</strong></span> <span class='ocrx_word' id='word_1_119' title='bbox 642 1301 795 1350; x_wconf 82' lang='lat' dir='ltr'><strong>tenebantur</strong></span> <span class='ocrx_word' id='word_1_120' title='bbox 805 1301 910 1350; x_wconf 87' lang='lat' dir='ltr'><strong>reddere</strong></span> <span class='ocrx_word' id='word_1_121' title='bbox 921 1307 947 1351; x_wconf 90' lang='lat' dir='ltr'><strong>et</strong></span> <span class='ocrx_word' id='word_1_122' title='bbox 964 1302 1102 1351; x_wconf 80' lang='lat' dir='ltr'><strong>restituere</strong></span> <span class='ocrx_word' id='word_1_123' title='bbox 1137 1303 1176 1350; x_wconf 90' lang='lat' dir='ltr'><strong>De</strong></span> <span class='ocrx_word' id='word_1_124' title='bbox 1186 1303 1279 1365; x_wconf 84' lang='lat' dir='ltr'><strong>quibua</strong></span> <span class='ocrx_word' id='word_1_125' title='bbox 1294 1301 1460 1365; x_wconf 71' lang='lat' dir='ltr'><strong>septingentis</strong></span> <span class='ocrx_word' id='word_1_126' title='bbox 1477 1306 1504 1349; x_wconf 91' lang='lat' dir='ltr'><strong>et</strong></span> 
     </span>
     <span class='ocr_line' id='line_1_13' title="bbox 350 1365 1504 1430; baseline 0.003 -18"><span class='ocrx_word' id='word_1_127' title='bbox 350 1365 485 1427; x_wconf 80' lang='lat' dir='ltr'><strong>nonaginta</strong></span> <span class='ocrx_word' id='word_1_128' title='bbox 503 1366 593 1415; x_wconf 69' lang='lat' dir='ltr'><strong>mucis</strong></span> <span class='ocrx_word' id='word_1_129' title='bbox 609 1381 655 1415; x_wconf 88' lang='lat' dir='ltr'><strong>nos</strong></span> <span class='ocrx_word' id='word_1_130' title='bbox 671 1366 735 1414; x_wconf 88' lang='lat' dir='ltr'><strong>bene</strong></span> <span class='ocrx_word' id='word_1_131' title='bbox 755 1366 851 1415; x_wconf 87' lang='lat' dir='ltr'><strong>solutos</strong></span> <span class='ocrx_word' id='word_1_132' title='bbox 868 1371 896 1415; x_wconf 85' lang='lat' dir='ltr'><strong>et</strong></span> <span class='ocrx_word' id='word_1_133' title='bbox 914 1367 1013 1429; x_wconf 88' lang='lat' dir='ltr'><strong>quietos</strong></span> <span class='ocrx_word' id='word_1_134' title='bbox 1029 1383 1154 1428; x_wconf 74' lang='lat' dir='ltr'><strong>vocamus,</strong></span> <span class='ocrx_word' id='word_1_135' title='bbox 1173 1367 1315 1430; x_wconf 84' lang='lat' dir='ltr'><strong>excepcioni</strong></span> <span class='ocrx_word' id='word_1_136' title='bbox 1334 1383 1385 1416; x_wconf 91' lang='lat' dir='ltr'><strong>non</strong></span> <span class='ocrx_word' id='word_1_137' title='bbox 1404 1372 1504 1429; x_wconf 87' lang='lat' dir='ltr'><strong>recepte</strong></span> 
     </span>
     <span class='ocr_line' id='line_1_14' title="bbox 348 1430 1502 1495; baseline 0.002 -17"><span class='ocrx_word' id='word_1_138' title='bbox 348 1433 375 1478; x_wconf 84' lang='lat' dir='ltr'><strong>et</strong></span> <span class='ocrx_word' id='word_1_139' title='bbox 386 1444 436 1478; x_wconf 93' lang='lat' dir='ltr'><strong>non</strong></span> <span class='ocrx_word' id='word_1_140' title='bbox 453 1435 631 1491; x_wconf 67' lang='lat' dir='ltr'><strong>numeratque</strong></span> <span class='ocrx_word' id='word_1_141' title='bbox 645 1430 719 1480; x_wconf 88' lang='lat' dir='ltr'><strong>nobis</strong></span> <span class='ocrx_word' id='word_1_142' title='bbox 734 1446 785 1480; x_wconf 90' lang='lat' dir='ltr'><strong>non</strong></span> <span class='ocrx_word' id='word_1_143' title='bbox 801 1431 895 1481; x_wconf 70' lang='lat' dir='ltr'><strong>madito</strong></span> <span class='ocrx_word' id='word_1_144' title='bbox 911 1433 1016 1495; x_wconf 81' lang='lat' dir='ltr'><strong>pecunie</strong></span> <span class='ocrx_word' id='word_1_145' title='bbox 1028 1433 1130 1481; x_wconf 90' lang='lat' dir='ltr'><strong>omnino</strong></span> <span class='ocrx_word' id='word_1_146' title='bbox 1146 1433 1323 1481; x_wconf 88' lang='lat' dir='ltr'><strong>renunciando.</strong></span> <span class='ocrx_word' id='word_1_147' title='bbox 1359 1432 1395 1481; x_wconf 87' lang='lat' dir='ltr'><strong>Et</strong></span> <span class='ocrx_word' id='word_1_148' title='bbox 1405 1432 1437 1480; x_wconf 90' lang='lat' dir='ltr'><strong>de</strong></span> <span class='ocrx_word' id='word_1_149' title='bbox 1447 1447 1502 1494; x_wconf 82' lang='lat' dir='ltr'><strong>pre-</strong></span> 
     </span>
     <span class='ocr_line' id='line_1_15' title="bbox 348 1494 1503 1560; baseline 0.002 -17"><span class='ocrx_word' id='word_1_150' title='bbox 348 1494 424 1544; x_wconf 86' lang='lat' dir='ltr'><strong>missa</strong></span> <span class='ocrx_word' id='word_1_151' title='bbox 434 1510 533 1544; x_wconf 90' lang='lat' dir='ltr'><strong>summa</strong></span> <span class='ocrx_word' id='word_1_152' title='bbox 543 1496 647 1558; x_wconf 92' lang='lat' dir='ltr'><strong>pecunie</strong></span> <span class='ocrx_word' id='word_1_153' title='bbox 663 1496 769 1546; x_wconf 82' lang='lat' dir='ltr'><strong>iacimus</strong></span> <span class='ocrx_word' id='word_1_154' title='bbox 785 1495 1087 1560; x_wconf 79' lang='lat' dir='ltr'><strong>linsmaquietacionem,</strong></span> <span class='ocrx_word' id='word_1_155' title='bbox 1104 1502 1131 1546; x_wconf 90' lang='lat' dir='ltr'><strong>et</strong></span> <span class='ocrx_word' id='word_1_156' title='bbox 1146 1497 1337 1557; x_wconf 86' lang='lat' dir='ltr'><strong>absolucionem,</strong></span> <span class='ocrx_word' id='word_1_157' title='bbox 1353 1511 1383 1545; x_wconf 89' lang='lat' dir='ltr'><strong>ac</strong></span> <span class='ocrx_word' id='word_1_158' title='bbox 1398 1501 1503 1560; x_wconf 85' lang='lat' dir='ltr'><strong>pactum</strong></span> 
     </span>
     <span class='ocr_line' id='line_1_16' title="bbox 347 1559 1503 1625; baseline 0.002 -17"><span class='ocrx_word' id='word_1_159' title='bbox 347 1561 380 1608; x_wconf 92' lang='lat' dir='ltr'><strong>de</strong></span> <span class='ocrx_word' id='word_1_160' title='bbox 397 1575 446 1609; x_wconf 90' lang='lat' dir='ltr'><strong>non</strong></span> <span class='ocrx_word' id='word_1_161' title='bbox 464 1559 572 1609; x_wconf 87' lang='lat' dir='ltr'><strong>ulterius</strong></span> <span class='ocrx_word' id='word_1_162' title='bbox 582 1561 718 1624; x_wconf 88' lang='lat' dir='ltr'><strong>quicquam</strong></span> <span class='ocrx_word' id='word_1_163' title='bbox 729 1563 845 1625; x_wconf 87' lang='lat' dir='ltr'><strong>petendo,</strong></span> <span class='ocrx_word' id='word_1_164' title='bbox 857 1578 902 1625; x_wconf 86' lang='lat' dir='ltr'><strong>pro</strong></span> <span class='ocrx_word' id='word_1_165' title='bbox 912 1562 985 1611; x_wconf 87' lang='lat' dir='ltr'><strong>nobis</strong></span> <span class='ocrx_word' id='word_1_166' title='bbox 1001 1566 1029 1611; x_wconf 87' lang='lat' dir='ltr'><strong>et-</strong></span> <span class='ocrx_word' id='word_1_167' title='bbox 1041 1560 1223 1612; x_wconf 88' lang='lat' dir='ltr'><strong>succesaoribus</strong></span> <span class='ocrx_word' id='word_1_168' title='bbox 1233 1561 1334 1622; x_wconf 87' lang='lat' dir='ltr'><strong>nostris,</strong></span> <span class='ocrx_word' id='word_1_169' title='bbox 1346 1561 1464 1621; x_wconf 87' lang='lat' dir='ltr'><strong>Ecclesia,</strong></span> <span class='ocrx_word' id='word_1_170' title='bbox 1475 1565 1503 1610; x_wconf 88' lang='lat' dir='ltr'><strong>et</strong></span> 
     </span>
     <span class='ocr_line' id='line_1_17' title="bbox 349 1625 1503 1688; baseline 0.001 -15"><span class='ocrx_word' id='word_1_171' title='bbox 349 1625 499 1688; x_wconf 81' lang='lat' dir='ltr'><strong>Episcopatu</strong></span> <span class='ocrx_word' id='word_1_172' title='bbox 519 1631 605 1675; x_wconf 83' lang='lat' dir='ltr'><strong>nostro</strong></span> <span class='ocrx_word' id='word_1_173' title='bbox 624 1627 651 1675; x_wconf 92' lang='lat' dir='ltr'><strong>in</strong></span> <span class='ocrx_word' id='word_1_174' title='bbox 670 1627 786 1688; x_wconf 87' lang='lat' dir='ltr'><strong>solidum,</strong></span> <span class='ocrx_word' id='word_1_175' title='bbox 801 1627 935 1677; x_wconf 79' lang='lat' dir='ltr'><strong>antedictis</strong></span> <span class='ocrx_word' id='word_1_176' title='bbox 951 1627 1068 1676; x_wconf 88' lang='lat' dir='ltr'><strong>omnibus</strong></span> <span class='ocrx_word' id='word_1_177' title='bbox 1082 1627 1261 1677; x_wconf 82' lang='lat' dir='ltr'><strong>mercatoribus</strong></span> <span class='ocrx_word' id='word_1_178' title='bbox 1279 1631 1307 1676; x_wconf 91' lang='lat' dir='ltr'><strong>et</strong></span> <span class='ocrx_word' id='word_1_179' title='bbox 1323 1642 1410 1675; x_wconf 92' lang='lat' dir='ltr'><strong>eorum</strong></span> <span class='ocrx_word' id='word_1_180' title='bbox 1429 1626 1503 1674; x_wconf 69' lang='lat' dir='ltr'><strong>sudu</strong></span> 
     </span>
     <span class='ocr_line' id='line_1_18' title="bbox 348 1690 1501 1756; baseline 0.001 -17"><span class='ocrx_word' id='word_1_181' title='bbox 348 1691 469 1740; x_wconf 73' lang='lat' dir='ltr'><strong>universis</strong></span> <span class='ocrx_word' id='word_1_182' title='bbox 480 1691 506 1740; x_wconf 93' lang='lat' dir='ltr'><strong>in</strong></span> <span class='ocrx_word' id='word_1_183' title='bbox 517 1691 633 1752; x_wconf 89' lang='lat' dir='ltr'><strong>solidum,</strong></span> <span class='ocrx_word' id='word_1_184' title='bbox 647 1693 757 1741; x_wconf 87' lang='lat' dir='ltr'><strong>volentes</strong></span> <span class='ocrx_word' id='word_1_185' title='bbox 774 1693 843 1756; x_wconf 90' lang='lat' dir='ltr'><strong>quod</strong></span> <span class='ocrx_word' id='word_1_186' title='bbox 853 1692 906 1741; x_wconf 86' lang='lat' dir='ltr'><strong>sint</strong></span> <span class='ocrx_word' id='word_1_187' title='bbox 921 1708 989 1742; x_wconf 84' lang='lat' dir='ltr'><strong>casae</strong></span> <span class='ocrx_word' id='word_1_188' title='bbox 1000 1697 1026 1741; x_wconf 92' lang='lat' dir='ltr'><strong>et</strong></span> <span class='ocrx_word' id='word_1_189' title='bbox 1043 1708 1106 1741; x_wconf 83' lang='lat' dir='ltr'><strong>vane</strong></span> <span class='ocrx_word' id='word_1_190' title='bbox 1116 1707 1203 1741; x_wconf 90' lang='lat' dir='ltr'><strong>onmes</strong></span> <span class='ocrx_word' id='word_1_191' title='bbox 1214 1692 1298 1741; x_wconf 85' lang='lat' dir='ltr'><strong>Litore</strong></span> <span class='ocrx_word' id='word_1_192' title='bbox 1316 1690 1462 1754; x_wconf 80' lang='lat' dir='ltr'><strong>obligatorie</strong></span> <span class='ocrx_word' id='word_1_193' title='bbox 1473 1695 1501 1740; x_wconf 92' lang='lat' dir='ltr'><strong>et</strong></span> 
     </span>
     <span class='ocr_line' id='line_1_19' title="bbox 347 1755 1501 1821; baseline 0 -17"><span class='ocrx_word' id='word_1_194' title='bbox 347 1755 524 1818; x_wconf 82' lang='lat' dir='ltr'><strong>instrumenta,</strong></span> <span class='ocrx_word' id='word_1_195' title='bbox 535 1772 563 1805; x_wconf 86' lang='lat' dir='ltr'><strong>ao</strong></span> <span class='ocrx_word' id='word_1_196' title='bbox 574 1756 749 1820; x_wconf 81' lang='lat' dir='ltr'><strong>promissiones</strong></span> <span class='ocrx_word' id='word_1_197' title='bbox 760 1773 810 1821; x_wconf 93' lang='lat' dir='ltr'><strong>que</strong></span> <span class='ocrx_word' id='word_1_198' title='bbox 822 1759 853 1806; x_wconf 90' lang='lat' dir='ltr'><strong>de</strong></span> <span class='ocrx_word' id='word_1_199' title='bbox 870 1758 996 1821; x_wconf 89' lang='lat' dir='ltr'><strong>premissis</strong></span> <span class='ocrx_word' id='word_1_200' title='bbox 1011 1762 1114 1820; x_wconf 90' lang='lat' dir='ltr'><strong>possent</strong></span> <span class='ocrx_word' id='word_1_201' title='bbox 1124 1757 1231 1806; x_wconf 81' lang='lat' dir='ltr'><strong>ulterius</strong></span> <span class='ocrx_word' id='word_1_202' title='bbox 1245 1757 1354 1817; x_wconf 86' lang='lat' dir='ltr'><strong>reperiri,</strong></span> <span class='ocrx_word' id='word_1_203' title='bbox 1366 1761 1393 1804; x_wconf 91' lang='lat' dir='ltr'><strong>st</strong></span> <span class='ocrx_word' id='word_1_204' title='bbox 1402 1756 1501 1804; x_wconf 89' lang='lat' dir='ltr'><strong>nullam</strong></span> 
     </span>
     <span class='ocr_line' id='line_1_20' title="bbox 346 1820 1499 1886; baseline -0.001 -17"><span class='ocrx_word' id='word_1_205' title='bbox 346 1820 479 1870; x_wconf 82' lang='lat' dir='ltr'><strong>obtineant</strong></span> <span class='ocrx_word' id='word_1_206' title='bbox 501 1821 654 1871; x_wconf 84' lang='lat' dir='ltr'><strong>firmitatem.</strong></span> <span class='ocrx_word' id='word_1_207' title='bbox 689 1824 752 1883; x_wconf 84' lang='lat' dir='ltr'><strong>Qus,</strong></span> <span class='ocrx_word' id='word_1_208' title='bbox 769 1838 835 1883; x_wconf 86' lang='lat' dir='ltr'><strong>raro,</strong></span> <span class='ocrx_word' id='word_1_209' title='bbox 853 1823 937 1872; x_wconf 90' lang='lat' dir='ltr'><strong>omnia</strong></span> <span class='ocrx_word' id='word_1_210' title='bbox 954 1823 1051 1886; x_wconf 75' lang='lat' dir='ltr'><strong>prefata</strong></span> <span class='ocrx_word' id='word_1_211' title='bbox 1067 1822 1190 1885; x_wconf 86' lang='lat' dir='ltr'><strong>prelibato</strong></span> <span class='ocrx_word' id='word_1_212' title='bbox 1207 1821 1289 1881; x_wconf 89' lang='lat' dir='ltr'><strong>modo,</strong></span> <span class='ocrx_word' id='word_1_213' title='bbox 1300 1825 1332 1870; x_wconf 89' lang='lat' dir='ltr'><strong>ut</strong></span> <span class='ocrx_word' id='word_1_214' title='bbox 1343 1821 1440 1869; x_wconf 91' lang='lat' dir='ltr'><strong>dictum</strong></span> <span class='ocrx_word' id='word_1_215' title='bbox 1452 1824 1499 1881; x_wconf 90' lang='lat' dir='ltr'><strong>eat,</strong></span> 
     </span>
     <span class='ocr_line' id='line_1_21' title="bbox 347 1885 1500 1950; baseline -0.001 -16"><span class='ocrx_word' id='word_1_216' title='bbox 347 1899 392 1948; x_wconf 92' lang='lat' dir='ltr'><strong>pro</strong></span> <span class='ocrx_word' id='word_1_217' title='bbox 403 1885 482 1946; x_wconf 88' lang='lat' dir='ltr'><strong>nobis,</strong></span> <span class='ocrx_word' id='word_1_218' title='bbox 494 1886 586 1936; x_wconf 85' lang='lat' dir='ltr'><strong>nostris</strong></span> <span class='ocrx_word' id='word_1_219' title='bbox 598 1887 715 1936; x_wconf 88' lang='lat' dir='ltr'><strong>omnibus</strong></span> <span class='ocrx_word' id='word_1_220' title='bbox 726 1887 916 1948; x_wconf 90' lang='lat' dir='ltr'><strong>successoribus,</strong></span> <span class='ocrx_word' id='word_1_221' title='bbox 928 1888 1044 1948; x_wconf 80' lang='lat' dir='ltr'><strong>Ecclesia,</strong></span> <span class='ocrx_word' id='word_1_222' title='bbox 1052 1892 1078 1936; x_wconf 90' lang='lat' dir='ltr'><strong>et</strong></span> <span class='ocrx_word' id='word_1_223' title='bbox 1087 1887 1239 1950; x_wconf 85' lang='lat' dir='ltr'><strong>Episcopatu</strong></span> <span class='ocrx_word' id='word_1_224' title='bbox 1251 1891 1338 1934; x_wconf 88' lang='lat' dir='ltr'><strong>nostro</strong></span> <span class='ocrx_word' id='word_1_225' title='bbox 1345 1886 1371 1934; x_wconf 90' lang='lat' dir='ltr'><strong>in</strong></span> <span class='ocrx_word' id='word_1_226' title='bbox 1382 1885 1500 1945; x_wconf 86' lang='lat' dir='ltr'><strong>solidum,</strong></span> 
     </span>
     <span class='ocr_line' id='line_1_22' title="bbox 346 1949 1501 2016; baseline 0 -18"><span class='ocrx_word' id='word_1_227' title='bbox 346 1951 526 2014; x_wconf 88' lang='lat' dir='ltr'><strong>promittimus,</strong></span> <span class='ocrx_word' id='word_1_228' title='bbox 548 1955 575 2000; x_wconf 84' lang='lat' dir='ltr'><strong>et</strong></span> <span class='ocrx_word' id='word_1_229' title='bbox 591 1956 708 2001; x_wconf 85' lang='lat' dir='ltr'><strong>tenemur</strong></span> <span class='ocrx_word' id='word_1_230' title='bbox 730 1952 872 2016; x_wconf 85' lang='lat' dir='ltr'><strong>jamdictis</strong></span> <span class='ocrx_word' id='word_1_231' title='bbox 888 1952 1067 2002; x_wconf 83' lang='lat' dir='ltr'><strong>mercatoribus</strong></span> <span class='ocrx_word' id='word_1_232' title='bbox 1084 1951 1262 2014; x_wconf 82' lang='lat' dir='ltr'><strong>recipientibus</strong></span> <span class='ocrx_word' id='word_1_233' title='bbox 1280 1967 1324 2014; x_wconf 88' lang='lat' dir='ltr'><strong>pro</strong></span> <span class='ocrx_word' id='word_1_234' title='bbox 1347 1966 1374 1998; x_wconf 89' lang='lat' dir='ltr'><strong>se</strong></span> <span class='ocrx_word' id='word_1_235' title='bbox 1392 1949 1454 2013; x_wconf 91' lang='lat' dir='ltr'><strong>ipsis</strong></span> <span class='ocrx_word' id='word_1_236' title='bbox 1473 1955 1501 1998; x_wconf 90' lang='lat' dir='ltr'><strong>et</strong></span> 
     </span>
     <span class='ocr_line' id='line_1_23' title="bbox 346 2014 1501 2077; baseline -0.003 -12"><span class='ocrx_word' id='word_1_237' title='bbox 346 2015 468 2065; x_wconf 77' lang='lat' dir='ltr'><strong>universis</strong></span> <span class='ocrx_word' id='word_1_238' title='bbox 480 2031 567 2065; x_wconf 88' lang='lat' dir='ltr'><strong>eorum</strong></span> <span class='ocrx_word' id='word_1_239' title='bbox 578 2017 650 2066; x_wconf 89' lang='lat' dir='ltr'><strong>sociis</strong></span> <span class='ocrx_word' id='word_1_240' title='bbox 661 2017 819 2077; x_wconf 81' lang='lat' dir='ltr'><strong>insolidum,</strong></span> <span class='ocrx_word' id='word_1_241' title='bbox 839 2018 926 2076; x_wconf 84' lang='lat' dir='ltr'><strong>iacere,</strong></span> <span class='ocrx_word' id='word_1_242' title='bbox 944 2018 1081 2076; x_wconf 86' lang='lat' dir='ltr'><strong>observare,</strong></span> <span class='ocrx_word' id='word_1_243' title='bbox 1090 2022 1117 2065; x_wconf 89' lang='lat' dir='ltr'><strong>et</strong></span> <span class='ocrx_word' id='word_1_244' title='bbox 1131 2017 1158 2064; x_wconf 90' lang='lat' dir='ltr'><strong>in</strong></span> <span class='ocrx_word' id='word_1_245' title='bbox 1174 2015 1245 2064; x_wconf 91' lang='lat' dir='ltr'><strong>nullo</strong></span> <span class='ocrx_word' id='word_1_246' title='bbox 1261 2014 1439 2075; x_wconf 75' lang='lat' dir='ltr'><strong>contravenire,</strong></span> <span class='ocrx_word' id='word_1_247' title='bbox 1451 2014 1501 2062; x_wconf 86' lang='lat' dir='ltr'><strong>sub</strong></span> 
     </span>
     <span class='ocr_line' id='line_1_24' title="bbox 345 2081 1501 2146; baseline -0.001 -18"><span class='ocrx_word' id='word_1_248' title='bbox 345 2095 409 2143; x_wconf 86' lang='lat' dir='ltr'><strong>pena</strong></span> <span class='ocrx_word' id='word_1_249' title='bbox 427 2081 533 2144; x_wconf 91' lang='lat' dir='ltr'><strong>duplicis</strong></span> <span class='ocrx_word' id='word_1_250' title='bbox 550 2082 667 2144; x_wconf 82' lang='lat' dir='ltr'><strong>peccunia</strong></span> <span class='ocrx_word' id='word_1_251' title='bbox 684 2083 782 2132; x_wconf 79' lang='lat' dir='ltr'><strong>autaei</strong></span> <span class='ocrx_word' id='word_1_252' title='bbox 799 2083 867 2132; x_wconf 87' lang='lat' dir='ltr'><strong>unda</strong></span> <span class='ocrx_word' id='word_1_253' title='bbox 883 2086 1004 2146; x_wconf 89' lang='lat' dir='ltr'><strong>ageretur.</strong></span> <span class='ocrx_word' id='word_1_254' title='bbox 1048 2082 1084 2130; x_wconf 85' lang='lat' dir='ltr'><strong>Et</strong></span> <span class='ocrx_word' id='word_1_255' title='bbox 1099 2084 1202 2144; x_wconf 86' lang='lat' dir='ltr'><strong>propter</strong></span> <span class='ocrx_word' id='word_1_256' title='bbox 1216 2081 1271 2141; x_wconf 92' lang='lat' dir='ltr'><strong>hoc,</strong></span> <span class='ocrx_word' id='word_1_257' title='bbox 1284 2095 1330 2128; x_wconf 88' lang='lat' dir='ltr'><strong>nos</strong></span> <span class='ocrx_word' id='word_1_258' title='bbox 1347 2094 1501 2128; x_wconf 66' lang='lat' dir='ltr'><strong>successores</strong></span> 
     </span>
     <span class='ocr_line' id='line_1_25' title="bbox 346 2143 1501 2210; baseline -0.001 -17"><span class='ocrx_word' id='word_1_259' title='bbox 346 2150 450 2205; x_wconf 89' lang='lat' dir='ltr'><strong>nostros,</strong></span> <span class='ocrx_word' id='word_1_260' title='bbox 471 2146 613 2208; x_wconf 85' lang='lat' dir='ltr'><strong>Ecclesiam,</strong></span> <span class='ocrx_word' id='word_1_261' title='bbox 632 2151 659 2196; x_wconf 88' lang='lat' dir='ltr'><strong>ct</strong></span> <span class='ocrx_word' id='word_1_262' title='bbox 674 2147 854 2210; x_wconf 87' lang='lat' dir='ltr'><strong>Episcopatum</strong></span> <span class='ocrx_word' id='word_1_263' title='bbox 870 2147 1037 2196; x_wconf 79' lang='lat' dir='ltr'><strong>Exonienaem</strong></span> <span class='ocrx_word' id='word_1_264' title='bbox 1056 2147 1084 2195; x_wconf 92' lang='lat' dir='ltr'><strong>in</strong></span> <span class='ocrx_word' id='word_1_265' title='bbox 1106 2146 1222 2205; x_wconf 90' lang='lat' dir='ltr'><strong>solidum,</strong></span> <span class='ocrx_word' id='word_1_266' title='bbox 1237 2160 1289 2194; x_wconf 86' lang='lat' dir='ltr'><strong>una</strong></span> <span class='ocrx_word' id='word_1_267' title='bbox 1306 2159 1365 2193; x_wconf 90' lang='lat' dir='ltr'><strong>cum</strong></span> <span class='ocrx_word' id='word_1_268' title='bbox 1382 2143 1501 2192; x_wconf 90' lang='lat' dir='ltr'><strong>omnibus</strong></span> 
     </span>
     <span class='ocr_line' id='line_1_26' title="bbox 344 2209 1496 2273; baseline -0.002 -15"><span class='ocrx_word' id='word_1_269' title='bbox 344 2209 416 2259; x_wconf 89' lang='lat' dir='ltr'><strong>bonis</strong></span> <span class='ocrx_word' id='word_1_270' title='bbox 427 2211 519 2260; x_wconf 89' lang='lat' dir='ltr'><strong>nostris</strong></span> <span class='ocrx_word' id='word_1_271' title='bbox 531 2216 556 2260; x_wconf 90' lang='lat' dir='ltr'><strong>et</strong></span> <span class='ocrx_word' id='word_1_272' title='bbox 568 2227 654 2260; x_wconf 89' lang='lat' dir='ltr'><strong>eorum</strong></span> <span class='ocrx_word' id='word_1_273' title='bbox 666 2212 782 2261; x_wconf 90' lang='lat' dir='ltr'><strong>omnibus</strong></span> <span class='ocrx_word' id='word_1_274' title='bbox 797 2212 933 2261; x_wconf 85' lang='lat' dir='ltr'><strong>mobilibus</strong></span> <span class='ocrx_word' id='word_1_275' title='bbox 944 2218 970 2261; x_wconf 88' lang='lat' dir='ltr'><strong>et</strong></span> <span class='ocrx_word' id='word_1_276' title='bbox 986 2211 1164 2270; x_wconf 89' lang='lat' dir='ltr'><strong>immobihbua,</strong></span> <span class='ocrx_word' id='word_1_277' title='bbox 1181 2209 1339 2273; x_wconf 88' lang='lat' dir='ltr'><strong>presentibus</strong></span> <span class='ocrx_word' id='word_1_278' title='bbox 1355 2214 1383 2257; x_wconf 91' lang='lat' dir='ltr'><strong>et</strong></span> <span class='ocrx_word' id='word_1_279' title='bbox 1392 2209 1496 2266; x_wconf 78' lang='lat' dir='ltr'><strong>tuturis,</strong></span> 
     </span>
     <span class='ocr_line' id='line_1_27' title="bbox 289 2274 1497 2341; baseline -0.002 -19"><span class='ocrx_word' id='word_1_280' title='bbox 289 2317 291 2321; x_wconf 79' lang='grc'>,</span> <span class='ocrx_word' id='word_1_281' title='bbox 344 2275 523 2325; x_wconf 84' lang='lat' dir='ltr'><strong>Ecclesiasticis</strong></span> <span class='ocrx_word' id='word_1_282' title='bbox 539 2282 566 2326; x_wconf 90' lang='lat' dir='ltr'><strong>et</strong></span> <span class='ocrx_word' id='word_1_283' title='bbox 581 2277 723 2338; x_wconf 88' lang='lat' dir='ltr'><strong>mundanis,</strong></span> <span class='ocrx_word' id='word_1_284' title='bbox 741 2277 904 2341; x_wconf 89' lang='lat' dir='ltr'><strong>proventibus</strong></span> <span class='ocrx_word' id='word_1_285' title='bbox 915 2283 942 2326; x_wconf 89' lang='lat' dir='ltr'><strong>at</strong></span> <span class='ocrx_word' id='word_1_286' title='bbox 957 2277 1098 2325; x_wconf 87' lang='lat' dir='ltr'><strong>redditibus</strong></span> <span class='ocrx_word' id='word_1_287' title='bbox 1114 2275 1238 2325; x_wconf 84' lang='lat' dir='ltr'><strong>universis</strong></span> <span class='ocrx_word' id='word_1_288' title='bbox 1255 2275 1281 2323; x_wconf 89' lang='lat' dir='ltr'><strong>in</strong></span> <span class='ocrx_word' id='word_1_289' title='bbox 1297 2274 1414 2333; x_wconf 86' lang='lat' dir='ltr'><strong>solidum,</strong></span> <span class='ocrx_word' id='word_1_290' title='bbox 1426 2278 1497 2321; x_wconf 71' lang='lat' dir='ltr'><strong>ante-</strong></span> 
     </span>
     <span class='ocr_line' id='line_1_28' title="bbox 343 2338 1501 2400; baseline -0.002 -12"><span class='ocrx_word' id='word_1_291' title='bbox 343 2340 418 2389; x_wconf 89' lang='lat' dir='ltr'><strong>dictis</strong></span> <span class='ocrx_word' id='word_1_292' title='bbox 435 2341 552 2390; x_wconf 84' lang='lat' dir='ltr'><strong>omnibus</strong></span> <span class='ocrx_word' id='word_1_293' title='bbox 570 2342 750 2391; x_wconf 83' lang='lat' dir='ltr'><strong>mercatoribus</strong></span> <span class='ocrx_word' id='word_1_294' title='bbox 769 2347 796 2391; x_wconf 89' lang='lat' dir='ltr'><strong>et</strong></span> <span class='ocrx_word' id='word_1_295' title='bbox 816 2358 902 2391; x_wconf 90' lang='lat' dir='ltr'><strong>eorum</strong></span> <span class='ocrx_word' id='word_1_296' title='bbox 923 2342 1045 2392; x_wconf 87' lang='lat' dir='ltr'><strong>universis</strong></span> <span class='ocrx_word' id='word_1_297' title='bbox 1064 2341 1137 2390; x_wconf 91' lang='lat' dir='ltr'><strong>sociis</strong></span> <span class='ocrx_word' id='word_1_298' title='bbox 1153 2341 1180 2389; x_wconf 91' lang='lat' dir='ltr'><strong>in</strong></span> <span class='ocrx_word' id='word_1_299' title='bbox 1195 2339 1311 2399; x_wconf 77' lang='lat' dir='ltr'><strong>solidum,</strong></span> <span class='ocrx_word' id='word_1_300' title='bbox 1334 2340 1361 2387; x_wconf 94' lang='lat' dir='ltr'><strong>in</strong></span> <span class='ocrx_word' id='word_1_301' title='bbox 1379 2338 1501 2400; x_wconf 86' lang='lat' dir='ltr'><strong>predictis</strong></span> 
     </span>
     <span class='ocr_line' id='line_1_29' title="bbox 344 2403 1498 2470; baseline -0.003 -16"><span class='ocrx_word' id='word_1_302' title='bbox 344 2405 513 2468; x_wconf 86' lang='lat' dir='ltr'><strong>principaliter</strong></span> <span class='ocrx_word' id='word_1_303' title='bbox 522 2407 667 2470; x_wconf 86' lang='lat' dir='ltr'><strong>obligamus.</strong></span> <span class='ocrx_word' id='word_1_304' title='bbox 705 2407 739 2456; x_wconf 88' lang='lat' dir='ltr'><strong>Et</strong></span> <span class='ocrx_word' id='word_1_305' title='bbox 749 2408 928 2456; x_wconf 84' lang='lat' dir='ltr'><strong>renunciamus</strong></span> <span class='ocrx_word' id='word_1_306' title='bbox 934 2423 978 2470; x_wconf 94' lang='lat' dir='ltr'><strong>pro</strong></span> <span class='ocrx_word' id='word_1_307' title='bbox 985 2407 1063 2469; x_wconf 89' lang='lat' dir='ltr'><strong>nobis,</strong></span> <span class='ocrx_word' id='word_1_308' title='bbox 1075 2405 1168 2455; x_wconf 90' lang='lat' dir='ltr'><strong>nostris</strong></span> <span class='ocrx_word' id='word_1_309' title='bbox 1179 2404 1367 2464; x_wconf 82' lang='lat' dir='ltr'><strong>successorrbus‚</strong></span> <span class='ocrx_word' id='word_1_310' title='bbox 1379 2403 1498 2463; x_wconf 76' lang='lat' dir='ltr'><strong>Ecclesia,</strong></span> 
     </span>
     <span class='ocr_line' id='line_1_30' title="bbox 343 2467 1500 2534; baseline -0.003 -16"><span class='ocrx_word' id='word_1_311' title='bbox 343 2476 371 2519; x_wconf 88' lang='lat' dir='ltr'><strong>et</strong></span> <span class='ocrx_word' id='word_1_312' title='bbox 382 2471 534 2534; x_wconf 83' lang='lat' dir='ltr'><strong>Episcopatu</strong></span> <span class='ocrx_word' id='word_1_313' title='bbox 550 2475 644 2532; x_wconf 86' lang='lat' dir='ltr'><strong>nostro,</strong></span> <span class='ocrx_word' id='word_1_314' title='bbox 661 2471 687 2520; x_wconf 91' lang='lat' dir='ltr'><strong>in</strong></span> <span class='ocrx_word' id='word_1_315' title='bbox 705 2471 814 2521; x_wconf 89' lang='lat' dir='ltr'><strong>solidum</strong></span> <span class='ocrx_word' id='word_1_316' title='bbox 832 2472 859 2521; x_wconf 91' lang='lat' dir='ltr'><strong>in</strong></span> <span class='ocrx_word' id='word_1_317' title='bbox 873 2472 929 2532; x_wconf 85' lang='lat' dir='ltr'><strong>hiis,</strong></span> <span class='ocrx_word' id='word_1_318' title='bbox 946 2471 1087 2534; x_wconf 85' lang='lat' dir='ltr'><strong>excspcioni</strong></span> <span class='ocrx_word' id='word_1_319' title='bbox 1099 2487 1150 2519; x_wconf 90' lang='lat' dir='ltr'><strong>non</strong></span> <span class='ocrx_word' id='word_1_320' title='bbox 1172 2470 1209 2519; x_wconf 88' lang='lat' dir='ltr'><strong>aio</strong></span> <span class='ocrx_word' id='word_1_321' title='bbox 1227 2469 1264 2518; x_wconf 89' lang='lat' dir='ltr'><strong>rei</strong></span> <span class='ocrx_word' id='word_1_322' title='bbox 1274 2473 1350 2533; x_wconf 85' lang='lat' dir='ltr'><strong>geste,</strong></span> <span class='ocrx_word' id='word_1_323' title='bbox 1368 2467 1500 2530; x_wconf 82' lang='lat' dir='ltr'><strong>privilegio</strong></span> 
     </span>
     <span class='ocr_line' id='line_1_31' title="bbox 343 2532 1499 2599; baseline -0.003 -15"><span class='ocrx_word' id='word_1_324' title='bbox 343 2535 473 2585; x_wconf 78' lang='lat' dir='ltr'><strong>clericatus</strong></span> <span class='ocrx_word' id='word_1_325' title='bbox 494 2536 594 2597; x_wconf 83' lang='lat' dir='ltr'><strong>ctiori,</strong></span> <span class='ocrx_word' id='word_1_326' title='bbox 614 2541 641 2586; x_wconf 86' lang='lat' dir='ltr'><strong>ct</strong></span> <span class='ocrx_word' id='word_1_327' title='bbox 660 2537 763 2587; x_wconf 90' lang='lat' dir='ltr'><strong>cuilibet</strong></span> <span class='ocrx_word' id='word_1_328' title='bbox 785 2537 897 2599; x_wconf 84' lang='lat' dir='ltr'><strong>subsidio</strong></span> <span class='ocrx_word' id='word_1_329' title='bbox 919 2537 1013 2598; x_wconf 82' lang='lat' dir='ltr'><strong>Crucis,</strong></span> <span class='ocrx_word' id='word_1_330' title='bbox 1036 2534 1220 2587; x_wconf 88' lang='lat' dir='ltr'><strong>Constitucioni</strong></span> <span class='ocrx_word' id='word_1_331' title='bbox 1241 2535 1273 2583; x_wconf 92' lang='lat' dir='ltr'><strong>de</strong></span> <span class='ocrx_word' id='word_1_332' title='bbox 1295 2532 1393 2584; x_wconf 88' lang='lat' dir='ltr'><strong>duabus</strong></span> <span class='ocrx_word' id='word_1_333' title='bbox 1416 2532 1499 2581; x_wconf 80' lang='lat' dir='ltr'><strong>Dictis</strong></span> 
     </span>
     <span class='ocr_line' id='line_1_32' title="bbox 343 2600 1498 2664; baseline -0.003 -15"><span class='ocrx_word' id='word_1_334' title='bbox 343 2601 411 2649; x_wconf 84' lang='lat' dir='ltr'><strong>edite</strong></span> <span class='ocrx_word' id='word_1_335' title='bbox 437 2601 464 2649; x_wconf 92' lang='lat' dir='ltr'><strong>in</strong></span> <span class='ocrx_word' id='word_1_336' title='bbox 489 2602 598 2651; x_wconf 84' lang='lat' dir='ltr'><strong>Concilio</strong></span> <span class='ocrx_word' id='word_1_337' title='bbox 624 2602 745 2663; x_wconf 86' lang='lat' dir='ltr'><strong>Genemli,</strong></span> <span class='ocrx_word' id='word_1_338' title='bbox 773 2607 800 2651; x_wconf 87' lang='lat' dir='ltr'><strong>et</strong></span> <span class='ocrx_word' id='word_1_339' title='bbox 828 2603 945 2651; x_wconf 88' lang='lat' dir='ltr'><strong>omnibus</strong></span> <span class='ocrx_word' id='word_1_340' title='bbox 966 2602 1021 2651; x_wconf 85' lang='lat' dir='ltr'><strong>aliia</strong></span> <span class='ocrx_word' id='word_1_341' title='bbox 1040 2617 1090 2664; x_wconf 91' lang='lat' dir='ltr'><strong>que</strong></span> <span class='ocrx_word' id='word_1_342' title='bbox 1112 2606 1214 2664; x_wconf 71' lang='lat' dir='ltr'><strong>possem</strong></span> <span class='ocrx_word' id='word_1_343' title='bbox 1236 2600 1312 2663; x_wconf 78' lang='lat' dir='ltr'><strong>objici</strong></span> <span class='ocrx_word' id='word_1_344' title='bbox 1333 2603 1421 2647; x_wconf 81' lang='lat' dir='ltr'><strong>contra</strong></span> <span class='ocrx_word' id='word_1_345' title='bbox 1442 2614 1498 2660; x_wconf 89' lang='lat' dir='ltr'><strong>pre·</strong></span> 
     </span>
     <span class='ocr_line' id='line_1_33' title="bbox 343 2663 1499 2731; baseline -0.003 -17"><span class='ocrx_word' id='word_1_346' title='bbox 343 2666 411 2714; x_wconf 86' lang='lat' dir='ltr'><strong>diota</strong></span> <span class='ocrx_word' id='word_1_347' title='bbox 427 2666 466 2714; x_wconf 86' lang='lat' dir='ltr'><strong>vel</strong></span> <span class='ocrx_word' id='word_1_348' title='bbox 481 2666 577 2729; x_wconf 89' lang='lat' dir='ltr'><strong>aliquid</strong></span> <span class='ocrx_word' id='word_1_349' title='bbox 592 2667 770 2729; x_wconf 88' lang='lat' dir='ltr'><strong>predictorum.</strong></span> <span class='ocrx_word' id='word_1_350' title='bbox 814 2668 846 2716; x_wconf 92' lang='lat' dir='ltr'><strong>ln</strong></span> <span class='ocrx_word' id='word_1_351' title='bbox 860 2668 934 2731; x_wconf 88' lang='lat' dir='ltr'><strong>cujus</strong></span> <span class='ocrx_word' id='word_1_352' title='bbox 952 2667 987 2715; x_wconf 90' lang='lat' dir='ltr'><strong>rei</strong></span> <span class='ocrx_word' id='word_1_353' title='bbox 1005 2666 1180 2715; x_wconf 83' lang='lat' dir='ltr'><strong>testimonium</strong></span> <span class='ocrx_word' id='word_1_354' title='bbox 1195 2666 1372 2716; x_wconf 78' lang='lat' dir='ltr'><strong>etc-Datum</strong></span> <span class='ocrx_word' id='word_1_355' title='bbox 1388 2663 1499 2712; x_wconf 84' lang='lat' dir='ltr'><strong>Parisios</strong></span> 
     </span>
     <span class='ocr_line' id='line_1_34' title="bbox 343 2726 1369 2826; baseline -0.002 -46"><span class='ocrx_word' id='word_1_356' title='bbox 343 2730 417 2780; x_wconf 80' lang='lat' dir='ltr'><strong>Anno</strong></span> <span class='ocrx_word' id='word_1_357' title='bbox 429 2731 531 2819; x_wconf 57' lang='lat' dir='ltr'><strong>Doqnini</strong></span> <span class='ocrx_word' id='word_1_358' title='bbox 542 2730 745 2820; x_wconf 62' lang='lat' dir='ltr'><strong>M⁰CC⁰lxxiij⁰,</strong></span> <span class='ocrx_word' id='word_1_359' title='bbox 757 2746 842 2826; x_wconf 54' lang='lat' dir='ltr'><strong>mense</strong></span> <span class='ocrx_word' id='word_1_360' title='bbox 854 2732 954 2793; x_wconf 75' lang='lat' dir='ltr'><strong>llimcio,</strong></span> <span class='ocrx_word' id='word_1_361' title='bbox 966 2731 1202 2826; x_wconf 64' lang='lat' dir='ltr'><strong>diqaextodecimq3</strong></span> <span class='ocrx_word' id='word_1_362' title='bbox 1225 2726 1278 2779; x_wconf 69' lang='lat' dir='ltr'><strong>bib.</strong></span> <span class='ocrx_word' id='word_1_363' title='bbox 1355 2792 1369 2824; x_wconf 42' lang='grc' dir='ltr'>ι</span> 
     </span>
    </p>

    <p class='ocr_par' dir='ltr' id='par_1_3' title="bbox 341 2857 1499 2989">
     <span class='ocr_line' id='line_1_35' title="bbox 375 2857 1499 2925; baseline -0.003 -17"><span class='ocrx_word' id='word_1_364' title='bbox 375 2859 456 2921; x_wconf 80' lang='lat' dir='ltr'><strong>Anno,</strong></span> <span class='ocrx_word' id='word_1_365' title='bbox 475 2860 523 2922; x_wconf 88' lang='lat' dir='ltr'><strong>die,</strong></span> <span class='ocrx_word' id='word_1_366' title='bbox 542 2866 568 2910; x_wconf 92' lang='lat' dir='ltr'><strong>et</strong></span> <span class='ocrx_word' id='word_1_367' title='bbox 591 2862 644 2909; x_wconf 92' lang='lat' dir='ltr'><strong>loco</strong></span> <span class='ocrx_word' id='word_1_368' title='bbox 661 2861 753 2911; x_wconf 88' lang='lat' dir='ltr'><strong>eisdem</strong></span> <span class='ocrx_word' id='word_1_369' title='bbox 771 2860 796 2925; x_wconf 93' lang='lat' dir='ltr'><strong>[l</strong></span> <span class='ocrx_word' id='word_1_370' title='bbox 815 2862 890 2920; x_wconf 74' lang='lat' dir='ltr'><strong>Nou,</strong></span> <span class='ocrx_word' id='word_1_371' title='bbox 909 2860 1033 2913; x_wconf 69' lang='lat' dir='ltr'><strong>latr-at</strong></span> <span class='ocrx_word' id='word_1_372' title='bbox 1048 2859 1174 2923; x_wconf 82' lang='lat' dir='ltr'><strong>Horaley],</strong></span> <span class='ocrx_word' id='word_1_373' title='bbox 1191 2859 1269 2908; x_wconf 84' lang='lat' dir='ltr'><strong>exivit</strong></span> <span class='ocrx_word' id='word_1_374' title='bbox 1285 2858 1412 2921; x_wconf 78' lang='lat' dir='ltr'><strong>quoddam</strong></span> <span class='ocrx_word' id='word_1_375' title='bbox 1435 2857 1499 2905; x_wconf 90' lang='lat' dir='ltr'><strong>Pro·</strong></span> 
     </span>
     <span class='ocr_line' id='line_1_36' title="bbox 341 2922 1498 2989; baseline -0.003 -16"><span class='ocrx_word' id='word_1_376' title='bbox 341 2924 495 2974; x_wconf 81' lang='lat' dir='ltr'><strong>curatoriam</strong></span> <span class='ocrx_word' id='word_1_377' title='bbox 506 2926 633 2989; x_wconf 83' lang='lat' dir='ltr'><strong>signatum</strong></span> <span class='ocrx_word' id='word_1_378' title='bbox 645 2927 678 2975; x_wconf 85' lang='lat' dir='ltr'><strong>ad</strong></span> <span class='ocrx_word' id='word_1_379' title='bbox 693 2942 757 2989; x_wconf 90' lang='lat' dir='ltr'><strong>opus</strong></span> <span class='ocrx_word' id='word_1_380' title='bbox 773 2927 887 2988; x_wconf 80' lang='lat' dir='ltr'><strong>Magistri</strong></span> <span class='ocrx_word' id='word_1_381' title='bbox 904 2926 1003 2975; x_wconf 81' lang='lat' dir='ltr'><strong>Ricardi</strong></span> <span class='ocrx_word' id='word_1_382' title='bbox 1020 2926 1069 2974; x_wconf 82' lang='lat' dir='ltr'><strong>Pan</strong></span> <span class='ocrx_word' id='word_1_383' title='bbox 1086 2941 1131 2988; x_wconf 93' lang='lat' dir='ltr'><strong>pro</strong></span> <span class='ocrx_word' id='word_1_384' title='bbox 1149 2924 1271 2988; x_wconf 76' lang='lat' dir='ltr'><strong>Episoepo</strong></span> <span class='ocrx_word' id='word_1_385' title='bbox 1287 2923 1320 2973; x_wconf 85' lang='lat' dir='ltr'><strong>ad</strong></span> <span class='ocrx_word' id='word_1_386' title='bbox 1336 2924 1418 2971; x_wconf 86' lang='lat' dir='ltr'><strong>Arcus</strong></span> <span class='ocrx_word' id='word_1_387' title='bbox 1429 2922 1498 2971; x_wconf 82' lang='lat' dir='ltr'><strong>Lon·</strong></span> 
     </span>
    </p>
   </div>
   <div class='ocr_carea' id='block_1_3' title="bbox 342 2988 1370 3086">
    <p class='ocr_par' dir='ltr' id='par_1_4' title="bbox 342 2988 1370 3086">
     <span class='ocr_line' id='line_1_37' title="bbox 342 2988 1370 3086; baseline 0.005 -49"><span class='ocrx_word' id='word_1_388' title='bbox 342 2988 429 3047; x_wconf 84' lang='lat' dir='ltr'><strong>donie;</strong></span> <span class='ocrx_word' id='word_1_389' title='bbox 448 2990 521 3079; x_wconf 73' lang='lat' dir='ltr'><strong>cqjua</strong></span> <span class='ocrx_word' id='word_1_390' title='bbox 533 2992 712 3081; x_wconf 69' lang='lat' dir='ltr'><strong>transcriptum</strong></span> <span class='ocrx_word' id='word_1_391' title='bbox 724 2991 845 3086; x_wconf 58' lang='lat' dir='ltr'><strong>remansit</strong></span> <span class='ocrx_word' id='word_1_392' title='bbox 855 2996 919 3049; x_wconf 82' lang='lat' dir='ltr'><strong>etc3</strong></span> <span class='ocrx_word' id='word_1_393' title='bbox 938 2992 975 3040; x_wconf 81' lang='lat'><strong>58.</strong></span> <span class='ocrx_word' id='word_1_394' title='bbox 999 3053 1015 3085; x_wconf 45' lang='lat'><strong>⁴.</strong></span> <span class='ocrx_word' id='word_1_395' title='bbox 1178 3052 1193 3078; x_wconf 51' lang='lat'><strong>·</strong></span> <span class='ocrx_word' id='word_1_396' title='bbox 1355 3052 1370 3082; x_wconf 43' lang='grc' dir='ltr'>ι</span> 
     </span>
    </p>
   </div>
   <div class='ocr_carea' id='block_1_4' title="bbox 337 3116 1553 4223">
    <p class='ocr_par' dir='ltr' id='par_1_5' title="bbox 337 3116 1553 4223">
     <span class='ocr_line' id='line_1_38' title="bbox 373 3116 1498 3184; baseline -0.002 -17"><span class='ocrx_word' id='word_1_397' title='bbox 373 3119 448 3168; x_wconf 81' lang='lat' dir='ltr'><strong>Anno</strong></span> <span class='ocrx_word' id='word_1_398' title='bbox 459 3120 554 3181; x_wconf 75' lang='lat' dir='ltr'><strong>mdem,</strong></span> <span class='ocrx_word' id='word_1_399' title='bbox 566 3121 633 3184; x_wconf 88' lang='lat' dir='ltr'><strong>apud</strong></span> <span class='ocrx_word' id='word_1_400' title='bbox 646 3120 716 3181; x_wconf 88' lang='lat' dir='ltr'><strong>Clist,</strong></span> <span class='ocrx_word' id='word_1_401' title='bbox 726 3120 745 3183; x_wconf 81' lang='lat' dir='ltr'><strong>ij</strong></span> <span class='ocrx_word' id='word_1_402' title='bbox 755 3120 882 3169; x_wconf 83' lang='lat' dir='ltr'><strong>Kalendas</strong></span> <span class='ocrx_word' id='word_1_403' title='bbox 889 3119 1051 3183; x_wconf 82' lang='lat' dir='ltr'><strong>Septembris,</strong></span> <span class='ocrx_word' id='word_1_404' title='bbox 1063 3120 1143 3169; x_wconf 85' lang='lat' dir='ltr'><strong>exivit</strong></span> <span class='ocrx_word' id='word_1_405' title='bbox 1155 3117 1240 3168; x_wconf 84' lang='lat' dir='ltr'><strong>Litora</strong></span> <span class='ocrx_word' id='word_1_406' title='bbox 1249 3117 1298 3167; x_wconf 90' lang='lat' dir='ltr'><strong>sub</strong></span> <span class='ocrx_word' id='word_1_407' title='bbox 1307 3117 1354 3166; x_wconf 90' lang='lat' dir='ltr'><strong>hac</strong></span> <span class='ocrx_word' id='word_1_408' title='bbox 1364 3116 1446 3165; x_wconf 77' lang='lat' dir='ltr'><strong>torma</strong></span> <span class='ocrx_word' id='word_1_409' title='bbox 1457 3134 1498 3166; x_wconf 91' lang='lat'><strong>:-</strong></span> 
     </span>
     <span class='ocr_line' id='line_1_39' title="bbox 341 3182 1553 3245; baseline 0.002 -12"><span class='ocrx_word' id='word_1_410' title='bbox 341 3184 484 3233; x_wconf 83' lang='lat' dir='ltr'><strong>Venerabili</strong></span> <span class='ocrx_word' id='word_1_411' title='bbox 493 3185 563 3234; x_wconf 86' lang='lat' dir='ltr'><strong>Patri</strong></span> <span class='ocrx_word' id='word_1_412' title='bbox 574 3190 601 3234; x_wconf 84' lang='lat' dir='ltr'><strong>et</strong></span> <span class='ocrx_word' id='word_1_413' title='bbox 613 3187 758 3235; x_wconf 86' lang='lat' dir='ltr'><strong>Reverendo</strong></span> <span class='ocrx_word' id='word_1_414' title='bbox 766 3186 875 3235; x_wconf 90' lang='lat' dir='ltr'><strong>Domino</strong></span> <span class='ocrx_word' id='word_1_415' title='bbox 883 3201 936 3244; x_wconf 91' lang='lat' dir='ltr'><strong>suo,</strong></span> <span class='ocrx_word' id='word_1_416' title='bbox 946 3185 1055 3234; x_wconf 92' lang='lat' dir='ltr'><strong>Domino</strong></span> <span class='ocrx_word' id='word_1_417' title='bbox 1063 3184 1183 3245; x_wconf 82' lang='lat' dir='ltr'><strong>R[oberto</strong></span> <span class='ocrx_word' id='word_1_418' title='bbox 1192 3182 1339 3245; x_wconf 64' lang='lat' dir='ltr'><strong>Ksswarbyt</strong></span> <span class='ocrx_word' id='word_1_419' title='bbox 1348 3182 1395 3231; x_wconf 90' lang='lat' dir='ltr'><strong>Dei</strong></span> <span class='ocrx_word' id='word_1_420' title='bbox 1407 3182 1499 3231; x_wconf 82' lang='lat' dir='ltr'><strong>Gracia</strong></span> <span class='ocrx_word' id='word_1_421' title='bbox 1547 3228 1553 3235; x_wconf 85' lang='lat'><em>.</em></span> 
     </span>
     <span class='ocr_line' id='line_1_40' title="bbox 342 3246 1497 3314; baseline -0.004 -15"><span class='ocrx_word' id='word_1_422' title='bbox 342 3248 516 3309; x_wconf 74' lang='lat' dir='ltr'><strong>cantuariensi</strong></span> <span class='ocrx_word' id='word_1_423' title='bbox 527 3251 723 3314; x_wconf 83' lang='lat' dir='ltr'><strong>Archicpiscopo,</strong></span> <span class='ocrx_word' id='word_1_424' title='bbox 736 3251 818 3300; x_wconf 83' lang='lat' dir='ltr'><strong>tocius</strong></span> <span class='ocrx_word' id='word_1_425' title='bbox 830 3251 917 3314; x_wconf 78' lang='lat' dir='ltr'><strong>Anglie</strong></span> <span class='ocrx_word' id='word_1_426' title='bbox 930 3250 1042 3310; x_wconf 90' lang='lat' dir='ltr'><strong>Primati,</strong></span> <span class='ocrx_word' id='word_1_427' title='bbox 1054 3249 1188 3309; x_wconf 79' lang='lat' dir='ltr'><strong>walterus,</strong></span> <span class='ocrx_word' id='word_1_428' title='bbox 1200 3248 1323 3311; x_wconf 87' lang='lat' dir='ltr'><strong>Ejusdem</strong></span> <span class='ocrx_word' id='word_1_429' title='bbox 1334 3246 1497 3295; x_wconf 83' lang='lat' dir='ltr'><strong>miseracione</strong></span> 
     </span>
     <span class='ocr_line' id='line_1_41' title="bbox 341 3311 1495 3379; baseline -0.002 -16"><span class='ocrx_word' id='word_1_430' title='bbox 341 3314 489 3364; x_wconf 89' lang='lat' dir='ltr'><strong>Exonienais</strong></span> <span class='ocrx_word' id='word_1_431' title='bbox 512 3316 658 3379; x_wconf 88' lang='lat' dir='ltr'><strong>Episcopus,</strong></span> <span class='ocrx_word' id='word_1_432' title='bbox 686 3317 800 3377; x_wconf 82' lang='lat' dir='ltr'><strong>sulutem,</strong></span> <span class='ocrx_word' id='word_1_433' title='bbox 829 3330 888 3363; x_wconf 91' lang='lat' dir='ltr'><strong>cum</strong></span> <span class='ocrx_word' id='word_1_434' title='bbox 915 3314 984 3363; x_wconf 88' lang='lat' dir='ltr'><strong>omni</strong></span> <span class='ocrx_word' id='word_1_435' title='bbox 1005 3314 1155 3371; x_wconf 78' lang='lat' dir='ltr'><strong>obediencia,</strong></span> <span class='ocrx_word' id='word_1_436' title='bbox 1174 3312 1321 3373; x_wconf 69' lang='lat' dir='ltr'><strong>reverenda,</strong></span> <span class='ocrx_word' id='word_1_437' title='bbox 1344 3317 1371 3360; x_wconf 88' lang='lat' dir='ltr'><strong>et</strong></span> <span class='ocrx_word' id='word_1_438' title='bbox 1391 3311 1495 3361; x_wconf 86' lang='lat' dir='ltr'><strong>honore.</strong></span> 
     </span>
     <span class='ocr_line' id='line_1_42' title="bbox 341 3374 1495 3441; baseline -0.003 -13"><span class='ocrx_word' id='word_1_439' title='bbox 341 3379 464 3439; x_wconf 86' lang='lat' dir='ltr'><strong>Quoniam</strong></span> <span class='ocrx_word' id='word_1_440' title='bbox 476 3379 524 3429; x_wconf 93' lang='lat' dir='ltr'><strong>hoc</strong></span> <span class='ocrx_word' id='word_1_441' title='bbox 539 3380 646 3429; x_wconf 83' lang='lat' dir='ltr'><strong>instanti</strong></span> <span class='ocrx_word' id='word_1_442' title='bbox 664 3382 738 3428; x_wconf 84' lang='lat' dir='ltr'><strong>Festo</strong></span> <span class='ocrx_word' id='word_1_443' title='bbox 755 3380 903 3429; x_wconf 73' lang='lat' dir='ltr'><strong>Natiuitatis</strong></span> <span class='ocrx_word' id='word_1_444' title='bbox 923 3380 1000 3427; x_wconf 84' lang='lat' dir='ltr'><strong>Beute</strong></span> <span class='ocrx_word' id='word_1_445' title='bbox 1016 3378 1126 3441; x_wconf 87' lang='lat' dir='ltr'><strong>Virginis</strong></span> <span class='ocrx_word' id='word_1_446' title='bbox 1147 3374 1173 3441; x_wconf 83' lang='grc'><strong>[8</strong></span> <span class='ocrx_word' id='word_1_447' title='bbox 1185 3375 1273 3440; x_wconf 85' lang='lat' dir='ltr'><strong>Sept.],</strong></span> <span class='ocrx_word' id='word_1_448' title='bbox 1295 3374 1495 3427; x_wconf 85' lang='lat' dir='ltr'><strong>Consecracioni¹</strong></span> 
     </span>
     <span class='ocr_line' id='line_1_43' title="bbox 340 3441 1493 3502; baseline -0.002 -10"><span class='ocrx_word' id='word_1_449' title='bbox 340 3444 497 3493; x_wconf 83' lang='lat' dir='ltr'><strong>Venerabilis</strong></span> <span class='ocrx_word' id='word_1_450' title='bbox 508 3446 597 3502; x_wconf 87' lang='lat' dir='ltr'><strong>Patris,</strong></span> <span class='ocrx_word' id='word_1_451' title='bbox 613 3445 715 3493; x_wconf 91' lang='lat' dir='ltr'><strong>Domini</strong></span> <span class='ocrx_word' id='word_1_452' title='bbox 732 3445 835 3498; x_wconf 82' lang='lat' dir='ltr'><strong>Thome.</strong></span> <span class='ocrx_word' id='word_1_453' title='bbox 854 3444 1042 3493; x_wconf 81' lang='lat' dir='ltr'><strong>Heruiordensis</strong></span> <span class='ocrx_word' id='word_1_454' title='bbox 1054 3443 1143 3501; x_wconf 87' lang='lat' dir='ltr'><strong>Electi,</strong></span> <span class='ocrx_word' id='word_1_455' title='bbox 1156 3443 1184 3491; x_wconf 91' lang='lat' dir='ltr'><strong>in</strong></span> <span class='ocrx_word' id='word_1_456' title='bbox 1201 3442 1310 3491; x_wconf 87' lang='lat' dir='ltr'><strong>Ecclesia</strong></span> <span class='ocrx_word' id='word_1_457' title='bbox 1322 3441 1415 3491; x_wconf 78' lang='lat' dir='ltr'><strong>Christi</strong></span> <span class='ocrx_word' id='word_1_458' title='bbox 1427 3441 1493 3490; x_wconf 85' lang='lat' dir='ltr'><strong>Can·</strong></span> 
     </span>
     <span class='ocr_line' id='line_1_44' title="bbox 340 3505 1495 3572; baseline -0.002 -15"><span class='ocrx_word' id='word_1_459' title='bbox 340 3509 460 3557; x_wconf 84' lang='lat' dir='ltr'><strong>tuariensi</strong></span> <span class='ocrx_word' id='word_1_460' title='bbox 477 3509 629 3570; x_wconf 83' lang='lat' dir='ltr'><strong>celebrande,</strong></span> <span class='ocrx_word' id='word_1_461' title='bbox 647 3510 688 3557; x_wconf 89' lang='lat' dir='ltr'><strong>cui</strong></span> <span class='ocrx_word' id='word_1_462' title='bbox 705 3510 801 3558; x_wconf 85' lang='lat' dir='ltr'><strong>racione</strong></span> <span class='ocrx_word' id='word_1_463' title='bbox 820 3509 950 3572; x_wconf 82' lang='lat' dir='ltr'><strong>probitatis</strong></span> <span class='ocrx_word' id='word_1_464' title='bbox 965 3524 1017 3568; x_wconf 88' lang='lat' dir='ltr'><strong>sua,</strong></span> <span class='ocrx_word' id='word_1_465' title='bbox 1035 3508 1181 3570; x_wconf 88' lang='lat' dir='ltr'><strong>meritisque</strong></span> <span class='ocrx_word' id='word_1_466' title='bbox 1192 3507 1244 3556; x_wconf 89' lang='lat' dir='ltr'><strong>auis</strong></span> <span class='ocrx_word' id='word_1_467' title='bbox 1260 3522 1289 3555; x_wconf 86' lang='lat' dir='ltr'><strong>ac</strong></span> <span class='ocrx_word' id='word_1_468' title='bbox 1322 3505 1495 3569; x_wconf 90' lang='lat' dir='ltr'><strong>rogenitorum</strong></span> 
     </span>
     <span class='ocr_line' id='line_1_45' title="bbox 339 3569 1496 3637; baseline -0.003 -15"><span class='ocrx_word' id='word_1_469' title='bbox 339 3588 442 3623; x_wconf 84' lang='lat' dir='ltr'><strong>suorum</strong></span> <span class='ocrx_word' id='word_1_470' title='bbox 463 3574 627 3637; x_wconf 85' lang='lat' dir='ltr'><strong>exigentibus,</strong></span> <span class='ocrx_word' id='word_1_471' title='bbox 645 3574 763 3623; x_wconf 84' lang='lat' dir='ltr'><strong>interesse</strong></span> <span class='ocrx_word' id='word_1_472' title='bbox 780 3575 919 3636; x_wconf 86' lang='lat' dir='ltr'><strong>gaudenter</strong></span> <span class='ocrx_word' id='word_1_473' title='bbox 937 3574 1116 3632; x_wconf 82' lang='lat' dir='ltr'><strong>affectaremus,</strong></span> <span class='ocrx_word' id='word_1_474' title='bbox 1137 3572 1211 3621; x_wconf 82' lang='lat' dir='ltr'><strong>variis</strong></span> <span class='ocrx_word' id='word_1_475' title='bbox 1229 3576 1255 3620; x_wconf 87' lang='lat' dir='ltr'><strong>st</strong></span> <span class='ocrx_word' id='word_1_476' title='bbox 1319 3570 1359 3619; x_wconf 90' lang='lat' dir='ltr'><strong>uis</strong></span> <span class='ocrx_word' id='word_1_477' title='bbox 1377 3569 1496 3632; x_wconf 86' lang='lat' dir='ltr'><strong>impediti</strong></span> 
     </span>
     <span class='ocr_line' id='line_1_46' title="bbox 338 3635 1496 3702; baseline -0.003 -15"><span class='ocrx_word' id='word_1_478' title='bbox 338 3638 453 3701; x_wconf 86' lang='lat' dir='ltr'><strong>negociis,</strong></span> <span class='ocrx_word' id='word_1_479' title='bbox 476 3638 593 3688; x_wconf 87' lang='lat' dir='ltr'><strong>videlicet</strong></span> <span class='ocrx_word' id='word_1_480' title='bbox 613 3644 714 3702; x_wconf 87' lang='lat' dir='ltr'><strong>propter</strong></span> <span class='ocrx_word' id='word_1_481' title='bbox 732 3639 837 3687; x_wconf 81' lang='lat' dir='ltr'><strong>oflerrsaa</strong></span> <span class='ocrx_word' id='word_1_482' title='bbox 863 3643 890 3686; x_wconf 88' lang='lat' dir='ltr'><strong>et</strong></span> <span class='ocrx_word' id='word_1_483' title='bbox 910 3638 1054 3700; x_wconf 79' lang='lat' dir='ltr'><strong>gmvamina</strong></span> <span class='ocrx_word' id='word_1_484' title='bbox 1074 3638 1182 3687; x_wconf 84' lang='lat' dir='ltr'><strong>Ecclesia</strong></span> <span class='ocrx_word' id='word_1_485' title='bbox 1203 3640 1230 3685; x_wconf 88' lang='lat' dir='ltr'><strong>et</strong></span> <span class='ocrx_word' id='word_1_486' title='bbox 1252 3636 1324 3685; x_wconf 84' lang='lat' dir='ltr'><strong>Clero</strong></span> <span class='ocrx_word' id='word_1_487' title='bbox 1345 3636 1444 3683; x_wconf 90' lang='lat' dir='ltr'><strong>dudum</strong></span> <span class='ocrx_word' id='word_1_488' title='bbox 1466 3635 1496 3684; x_wconf 92' lang='lat' dir='ltr'><strong>in</strong></span> 
     </span>
     <span class='ocr_line' id='line_1_47' title="bbox 338 3700 1495 3767; baseline -0.004 -13"><span class='ocrx_word' id='word_1_489' title='bbox 338 3703 465 3754; x_wconf 86' lang='lat' dir='ltr'><strong>Cornubia</strong></span> <span class='ocrx_word' id='word_1_490' title='bbox 475 3704 551 3765; x_wconf 86' lang='lat' dir='ltr'><strong>illata,</strong></span> <span class='ocrx_word' id='word_1_491' title='bbox 563 3720 619 3766; x_wconf 89' lang='lat' dir='ltr'><strong>que,</strong></span> <span class='ocrx_word' id='word_1_492' title='bbox 632 3720 676 3767; x_wconf 91' lang='lat' dir='ltr'><strong>per</strong></span> <span class='ocrx_word' id='word_1_493' title='bbox 686 3705 825 3752; x_wconf 87' lang='lat' dir='ltr'><strong>adveutum</strong></span> <span class='ocrx_word' id='word_1_494' title='bbox 834 3703 935 3751; x_wconf 87' lang='lat' dir='ltr'><strong>Domini</strong></span> <span class='ocrx_word' id='word_1_495' title='bbox 948 3702 1053 3751; x_wconf 90' lang='lat' dir='ltr'><strong>Comitis</strong></span> <span class='ocrx_word' id='word_1_496' title='bbox 1061 3702 1193 3761; x_wconf 89' lang='lat' dir='ltr'><strong>Cornubie,</strong></span> <span class='ocrx_word' id='word_1_497' title='bbox 1207 3701 1271 3750; x_wconf 89' lang='lat' dir='ltr'><strong>circa</strong></span> <span class='ocrx_word' id='word_1_498' title='bbox 1278 3700 1376 3749; x_wconf 90' lang='lat' dir='ltr'><strong>dictum</strong></span> <span class='ocrx_word' id='word_1_499' title='bbox 1388 3700 1495 3749; x_wconf 81' lang='lat' dir='ltr'><strong>Festum</strong></span> 
     </span>
     <span class='ocr_line' id='line_1_48' title="bbox 339 3763 1494 3834; baseline -0.007 -15"><span class='ocrx_word' id='word_1_500' title='bbox 339 3785 468 3834; x_wconf 85' lang='lat' dir='ltr'><strong>speramus</strong></span> <span class='ocrx_word' id='word_1_501' title='bbox 487 3770 620 3829; x_wconf 89' lang='lat' dir='ltr'><strong>emendari,</strong></span> <span class='ocrx_word' id='word_1_502' title='bbox 640 3772 667 3817; x_wconf 88' lang='lat' dir='ltr'><strong>et</strong></span> <span class='ocrx_word' id='word_1_503' title='bbox 683 3768 759 3817; x_wconf 86' lang='lat' dir='ltr'><strong>finem</strong></span> <span class='ocrx_word' id='word_1_504' title='bbox 779 3766 953 3817; x_wconf 82' lang='lat' dir='ltr'><strong>controversiis</strong></span> <span class='ocrx_word' id='word_1_505' title='bbox 971 3767 1031 3815; x_wconf 90' lang='lat' dir='ltr'><strong>inde</strong></span> <span class='ocrx_word' id='word_1_506' title='bbox 1048 3768 1123 3816; x_wconf 90' lang='lat' dir='ltr'><strong>motis</strong></span> <span class='ocrx_word' id='word_1_507' title='bbox 1142 3766 1256 3829; x_wconf 91' lang='lat' dir='ltr'><strong>imponi;</strong></span> <span class='ocrx_word' id='word_1_508' title='bbox 1278 3781 1307 3814; x_wconf 91' lang='lat' dir='ltr'><strong>ac</strong></span> <span class='ocrx_word' id='word_1_509' title='bbox 1324 3769 1426 3829; x_wconf 83' lang='lat' dir='ltr'><strong>propter</strong></span> <span class='ocrx_word' id='word_1_510' title='bbox 1444 3763 1494 3812; x_wconf 90' lang='lat' dir='ltr'><strong>sol·</strong></span> 
     </span>
     <span class='ocr_line' id='line_1_49' title="bbox 338 3828 1496 3900; baseline -0.006 -16"><span class='ocrx_word' id='word_1_511' title='bbox 338 3835 464 3900; x_wconf 86' lang='lat' dir='ltr'><strong>lempnem</strong></span> <span class='ocrx_word' id='word_1_512' title='bbox 483 3834 675 3883; x_wconf 81' lang='lat' dir='ltr'><strong>celebracionem</strong></span> <span class='ocrx_word' id='word_1_513' title='bbox 698 3834 823 3883; x_wconf 87' lang='lat' dir='ltr'><strong>Ordinum</strong></span> <span class='ocrx_word' id='word_1_514' title='bbox 840 3834 939 3881; x_wconf 89' lang='lat' dir='ltr'><strong>dudum</strong></span> <span class='ocrx_word' id='word_1_515' title='bbox 956 3837 1016 3881; x_wconf 88' lang='lat' dir='ltr'><strong>ants</strong></span> <span class='ocrx_word' id='word_1_516' title='bbox 1033 3832 1202 3894; x_wconf 89' lang='lat' dir='ltr'><strong>reoepcionsm</strong></span> <span class='ocrx_word' id='word_1_517' title='bbox 1219 3830 1332 3879; x_wconf 81' lang='lat' dir='ltr'><strong>Mandati</strong></span> <span class='ocrx_word' id='word_1_518' title='bbox 1351 3828 1428 3878; x_wconf 87' lang='lat' dir='ltr'><strong>vostri</strong></span> <span class='ocrx_word' id='word_1_519' title='bbox 1447 3844 1496 3891; x_wconf 87' lang='lat' dir='ltr'><strong>per</strong></span> 
     </span>
     <span class='ocr_line' id='line_1_50' title="bbox 337 3892 1495 3955; baseline -0.008 -5"><span class='ocrx_word' id='word_1_520' title='bbox 337 3900 421 3950; x_wconf 78' lang='lat' dir='ltr'><strong>totam</strong></span> <span class='ocrx_word' id='word_1_521' title='bbox 443 3898 568 3950; x_wconf 86' lang='lat' dir='ltr'><strong>Diocesim</strong></span> <span class='ocrx_word' id='word_1_522' title='bbox 591 3902 703 3947; x_wconf 87' lang='lat' dir='ltr'><strong>nostram</strong></span> <span class='ocrx_word' id='word_1_523' title='bbox 725 3898 917 3955; x_wconf 65' lang='lat' dir='ltr'><strong>denunciatum</strong></span> <span class='ocrx_word' id='word_1_524' title='bbox 947 3912 1043 3946; x_wconf 88' lang='lat' dir='ltr'><strong>necnon</strong></span> <span class='ocrx_word' id='word_1_525' title='bbox 1065 3901 1093 3944; x_wconf 88' lang='lat' dir='ltr'><strong>et</strong></span> <span class='ocrx_word' id='word_1_526' title='bbox 1114 3895 1384 3944; x_wconf 89' lang='lat' dir='ltr'><strong>Commemoracionem</strong></span> <span class='ocrx_word' id='word_1_527' title='bbox 1404 3892 1495 3943; x_wconf 83' lang='lat' dir='ltr'><strong>Sancti</strong></span> 
     </span>
     <span class='ocr_line' id='line_1_51' title="bbox 339 3958 1494 4027; baseline -0.006 -14"><span class='ocrx_word' id='word_1_528' title='bbox 339 3965 462 4014; x_wconf 82' lang='lat' dir='ltr'><strong>Gabrielia</strong></span> <span class='ocrx_word' id='word_1_529' title='bbox 480 3964 589 4013; x_wconf 85' lang='lat' dir='ltr'><strong>secundo</strong></span> <span class='ocrx_word' id='word_1_530' title='bbox 607 3964 648 4011; x_wconf 90' lang='lat' dir='ltr'><strong>die</strong></span> <span class='ocrx_word' id='word_1_531' title='bbox 665 3963 820 4027; x_wconf 86' lang='lat' dir='ltr'><strong>Septembris</strong></span> <span class='ocrx_word' id='word_1_532' title='bbox 838 3962 864 4011; x_wconf 93' lang='lat' dir='ltr'><strong>in</strong></span> <span class='ocrx_word' id='word_1_533' title='bbox 888 3962 998 4011; x_wconf 87' lang='lat' dir='ltr'><strong>Ecclesia</strong></span> <span class='ocrx_word' id='word_1_534' title='bbox 1019 3968 1105 4010; x_wconf 86' lang='lat' dir='ltr'><strong>nostra</strong></span> <span class='ocrx_word' id='word_1_535' title='bbox 1126 3959 1276 4019; x_wconf 85' lang='lat' dir='ltr'><strong>Cathedrali,</strong></span> <span class='ocrx_word' id='word_1_536' title='bbox 1299 3959 1353 4007; x_wconf 93' lang='lat' dir='ltr'><strong>Deo</strong></span> <span class='ocrx_word' id='word_1_537' title='bbox 1374 3958 1494 4021; x_wconf 85' lang='lat' dir='ltr'><strong>propicio,</strong></span> 
     </span>
     <span class='ocr_line' id='line_1_52' title="bbox 338 4022 1495 4091; baseline -0.003 -13"><span class='ocrx_word' id='word_1_538' title='bbox 338 4029 519 4091; x_wconf 84' lang='lat' dir='ltr'><strong>celebrandam,</strong></span> <span class='ocrx_word' id='word_1_539' title='bbox 546 4028 650 4091; x_wconf 87' lang='lat' dir='ltr'><strong>aliisque</strong></span> <span class='ocrx_word' id='word_1_540' title='bbox 679 4028 783 4077; x_wconf 74' lang='lat' dir='ltr'><strong>disemis</strong></span> <span class='ocrx_word' id='word_1_541' title='bbox 808 4028 930 4091; x_wconf 90' lang='lat' dir='ltr'><strong>occupati,</strong></span> <span class='ocrx_word' id='word_1_542' title='bbox 957 4042 1008 4089; x_wconf 88' lang='lat' dir='ltr'><strong>que</strong></span> <span class='ocrx_word' id='word_1_543' title='bbox 1034 4027 1102 4075; x_wconf 86' lang='lat' dir='ltr'><strong>salvo</strong></span> <span class='ocrx_word' id='word_1_544' title='bbox 1123 4025 1217 4074; x_wconf 91' lang='lat' dir='ltr'><strong>honore</strong></span> <span class='ocrx_word' id='word_1_545' title='bbox 1238 4027 1325 4073; x_wconf 74' lang='lat' dir='ltr'><strong>nosue</strong></span> <span class='ocrx_word' id='word_1_546' title='bbox 1345 4022 1495 4074; x_wconf 82' lang='lat' dir='ltr'><strong>nullatenus</strong></span> 
     </span>
     <span class='ocr_line' id='line_1_53' title="bbox 338 4088 1495 4157; baseline -0.003 -14"><span class='ocrx_word' id='word_1_547' title='bbox 338 4098 459 4157; x_wconf 87' lang='lat' dir='ltr'><strong>poterunt</strong></span> <span class='ocrx_word' id='word_1_548' title='bbox 470 4092 562 4151; x_wconf 83' lang='lat' dir='ltr'><strong>omitti,</strong></span> <span class='ocrx_word' id='word_1_549' title='bbox 576 4092 696 4142; x_wconf 86' lang='lat' dir='ltr'><strong>interesse</strong></span> <span class='ocrx_word' id='word_1_550' title='bbox 707 4109 757 4142; x_wconf 89' lang='lat' dir='ltr'><strong>non</strong></span> <span class='ocrx_word' id='word_1_551' title='bbox 769 4109 909 4156; x_wconf 88' lang='lat' dir='ltr'><strong>possumus,</strong></span> <span class='ocrx_word' id='word_1_552' title='bbox 924 4091 1074 4140; x_wconf 83' lang='lat' dir='ltr'><strong>Patemituti</strong></span> <span class='ocrx_word' id='word_1_553' title='bbox 1088 4096 1170 4139; x_wconf 76' lang='lat' dir='ltr'><strong>resne</strong></span> <span class='ocrx_word' id='word_1_554' title='bbox 1186 4088 1355 4153; x_wconf 86' lang='lat' dir='ltr'><strong>supplicamus</strong></span> <span class='ocrx_word' id='word_1_555' title='bbox 1371 4088 1495 4152; x_wconf 84' lang='lat' dir='ltr'><strong>quatinus</strong></span> 
     </span>
     <span class='ocr_line' id='line_1_54' title="bbox 337 4154 1495 4223; baseline -0.003 -15"><span class='ocrx_word' id='word_1_556' title='bbox 337 4160 364 4208; x_wconf 94' lang='lat' dir='ltr'><strong>in</strong></span> <span class='ocrx_word' id='word_1_557' title='bbox 375 4159 501 4223; x_wconf 83' lang='lat' dir='ltr'><strong>premissis</strong></span> <span class='ocrx_word' id='word_1_558' title='bbox 512 4174 565 4219; x_wconf 88' lang='lat' dir='ltr'><strong>nos,</strong></span> <span class='ocrx_word' id='word_1_559' title='bbox 576 4158 598 4207; x_wconf 91' lang='lat' dir='ltr'><strong>si</strong></span> <span class='ocrx_word' id='word_1_560' title='bbox 609 4158 697 4222; x_wconf 84' lang='lat' dir='ltr'><strong>placet,</strong></span> <span class='ocrx_word' id='word_1_561' title='bbox 709 4158 799 4207; x_wconf 89' lang='lat' dir='ltr'><strong>habere</strong></span> <span class='ocrx_word' id='word_1_562' title='bbox 812 4158 894 4207; x_wconf 84' lang='lat' dir='ltr'><strong>velitis</strong></span> <span class='ocrx_word' id='word_1_563' title='bbox 905 4162 1043 4206; x_wconf 84' lang='lat' dir='ltr'><strong>excusatos.</strong></span> <span class='ocrx_word' id='word_1_564' title='bbox 1079 4154 1272 4216; x_wconf 87' lang='lat' dir='ltr'><strong>Consecracioni,</strong></span> <span class='ocrx_word' id='word_1_565' title='bbox 1289 4169 1355 4214; x_wconf 69' lang='lat' dir='ltr'><strong>rara</strong></span> <span class='ocrx_word' id='word_1_566' title='bbox 1371 4154 1495 4218; x_wconf 87' lang='lat' dir='ltr'><strong>predicte,</strong></span> 
     </span>
    </p>
   </div>
   <div class='ocr_carea' id='block_1_5' title="bbox 334 4361 1495 4505">
    <p class='ocr_par' dir='ltr' id='par_1_6' title="bbox 334 4361 1495 4505">
     <span class='ocr_line' id='line_1_55' title="bbox 334 4361 1495 4437; baseline -0.009 -14"><span class='ocrx_word' id='word_1_567' title='bbox 334 4369 453 4437; x_wconf 87' lang='lat' dir='ltr'><strong>¹Bishop</strong></span> <span class='ocrx_word' id='word_1_568' title='bbox 468 4368 678 4421; x_wconf 83' lang='lat' dir='ltr'><strong>Grandissonhas</strong></span> <span class='ocrx_word' id='word_1_569' title='bbox 689 4366 885 4417; x_wconf 84' lang='lat' dir='ltr'><strong>writteninthe</strong></span> <span class='ocrx_word' id='word_1_570' title='bbox 969 4364 1161 4415; x_wconf 60' lang='lat' dir='ltr'><strong>&amp;monedeira</strong></span> <span class='ocrx_word' id='word_1_571' title='bbox 1183 4363 1256 4413; x_wconf 87' lang='lat' dir='ltr'><strong>Beati</strong></span> <span class='ocrx_word' id='word_1_572' title='bbox 1280 4366 1370 4427; x_wconf 83' lang='lat' dir='ltr'><strong>postea</strong></span> <span class='ocrx_word' id='word_1_573' title='bbox 1392 4361 1495 4414; x_wconf 78' lang='lat' dir='ltr'><strong>&#39;l&#39;home</strong></span> 
     </span>
     <span class='ocr_line' id='line_1_56' title="bbox 367 4428 1173 4505; baseline -0.011 -16"><span class='ocrx_word' id='word_1_574' title='bbox 367 4454 448 4505; x_wconf 89' lang='lat' dir='ltr'><strong>upper</strong></span> <span class='ocrx_word' id='word_1_575' title='bbox 467 4435 564 4501; x_wconf 83' lang='lat' dir='ltr'><strong>margin</strong></span> <span class='ocrx_word' id='word_1_576' title='bbox 584 4433 771 4485; x_wconf 81' lang='lat' dir='ltr'><strong>here-“Nota</strong></span> <span class='ocrx_word' id='word_1_577' title='bbox 790 4432 831 4484; x_wconf 91' lang='lat' dir='ltr'><strong>hio</strong></span> <span class='ocrx_word' id='word_1_578' title='bbox 853 4432 885 4483; x_wconf 86' lang='lat' dir='ltr'><strong>de</strong></span> <span class='ocrx_word' id='word_1_579' title='bbox 968 4428 1173 4482; x_wconf 82' lang='lat' dir='ltr'><strong>Heriordensis.”</strong></span> 
     </span>
    </p>
   </div>
   <div class='ocr_carea' id='block_1_6' title="bbox 0 0 1626 5100">
    <p class='ocr_par' dir='ltr' id='par_1_7' title="bbox 0 0 1626 5100">
     <span class='ocr_line' id='line_1_57' title="bbox 0 0 1626 5100; baseline 0 5"><span class='ocrx_word' id='word_1_580' title='bbox 0 0 1626 5100; x_wconf 95' lang='lat' dir='ltr'><strong> </strong></span> 
     </span>
    </p>
   </div>
  </div>
 </body>
</html>
