3242 5100
297 513 370 589 272
543 540 686 599 ennon
702 521 1013 597 enouneoonrnn's
1031 542 1227 599 sennenn

337 688 407 756 'l'he
417 691 535 781 Abbey
545 696 720 782 presented
728 701 763 763 to
773 695 946 775 Hennoclr,
957 695 1098 774 'ie-Sec,
1107 696 1276 763 Shebbeer
1288 696 1402 783 (Inet.)

297 788 513 881 Torrington;
528 798 709 867 references
731 805 767 867 to
788 822 833 866 en
845 800 1044 867 Ordination
1059 802 1095 865 in
1110 801 1168 866 the
1180 800 1312 869 Ohnrch
1324 800 1377 881 0f;
1399 803 1453 881 64,

387 881 557 951 cet-ees
571 885 693 954 Sencto
709 888 848 965 (lorono,
864 887 1008 953 Richerd
1023 887 1085 967 de;
1108 886 1151 954 9¹2.

301 980 465 1065 Toritone,
480 988 643 1076 Reginsld
658 991 719 1071 de3
741 994 794 1055 44.
838 989 900 1058 Sco
915 990 1129 1057 Ordinatione
1150 992 1244 1078 (pege
1261 992 1346 1074 215).

300 1083 489 1170 Torintone‚
504 1092 629 1161 Robert
643 1094 692 1172 de,
706 1093 848 1161 colleted
864 1098 900 1160 to
921 1094 1085 1180 Peignton
1099 1118 1107 1174 ;
1129 1092 1195 1161 93b.

301 1186 487 1271 Torintone,
504 1194 629 1262 Walter
644 1197 694 1275 de,
708 1197 784 1263 inst.
801 1202 836 1262 to
853 1196 1078 1277 Dcun-Prior3
1099 1197 1151 1265 77.

301 1288 442 1375 Totnes3
463 1296 660 1367 Dedicetion
670 1301 707 1366 oi
720 1300 778 1367 the
794 1299 1003 1369 Conventuel
1020 1300 1154 1367 (lhurch
1169 1300 1205 1366 of
1231 1300 1279 1367 St.
1296 1300 1409 1387 Mer53
1425 1302 1454 1367 9.

391 1396 457 1465 wo
478 1406 496 1435 ⁴‘
509 1402 719 1471 ordi-now
746 1404 785 1488 of
803 1405 854 1472 tle
884 1404 1043 1491 Vtoarope
1058 1429 1111 1470 :—

368 1500 504 1568 Universis,
521 1512 569 1558 etc
588 1509 722 1572 Wslterns,
739 1510 885 1561 eto-Orto
904 1510 1003 1559 dudum
1019 1510 1087 1559 inter
1103 1508 1207 1559 dilectos
1222 1507 1287 1559 filios
1303 1508 1455 1560 Nioholsum

399 1568 511 1621 Priorem
527 1578 554 1623 et
571 1573 738 1637 conventum,
749 1591 782 1625 ex
797 1580 869 1639 perte
886 1590 942 1635 nne,
958 1580 986 1625 et
1001 1575 1149 1635 walterum,
1161 1575 1315 1638 Perpetnum
1326 1574 1455 1625 Vrosrium

400 1634 509 1687 Ecclesie
525 1640 650 1701 Tottonie‚
667 1654 701 1690 ex
717 1640 802 1701 slters,
819 1656 895 1705 super
914 1640 1076 1690 Poruionibus
1101 1640 1197 1689 Vissule
1217 1640 1329 1703 predicte
1346 1640 1452 1689 muteris

400 1702 546 1766 questionis,
564 1707 676 1768 tandem,
694 1706 746 1755 lilio
768 1706 835 1769 posis
857 1706 1047 1765 interveniente,
1066 1704 1184 1755 Partibus
1201 1704 1261 1769 ipsis
1282 1706 1310 1754 in
1327 1706 1454 1769 presentie

399 1771 486 1817 nonus
503 1771 650 1821 constitutis
665 1770 923 1835 promittentibusque
939 1786 968 1820 ee
984 1770 1129 1835 jnrsntibus
1150 1774 1305 1820 seorsmento
1323 1770 1351 1819 in
1374 1770 1454 1821 Verbo

401 1830 448 1881 Dei
469 1836 630 1897 oorporsliter
656 1837 761 1899 prestito
782 1842 850 1886 stare
872 1835 1031 1886 Ordinscioni
1053 1840 1144 1895 nostre,
1156 1840 1184 1885 st
1204 1850 1231 1884 se
1251 1836 1452 1899 subponentibus

401 1897 527 1949 voluntati
537 1907 623 1950 nostre
632 1900 660 1951 in
670 1902 795 1963 omnibns,
807 1917 861 1962 noe,
873 1900 965 1965 quiete,
977 1901 1161 1963 tranquillitate
1170 1904 1197 1949 et
1204 1900 1316 1950 utilitate
1329 1901 1447 1951 Porcium

400 1963 570 2026 preliotsrum
580 1966 748 2027 consideretis,
755 1966 893 2030 cujuslibet
903 1964 1071 2015 contencionis
1082 1964 1192 2015 tollendo
1203 1980 1277 2015 osnes
1287 1965 1353 2015 inter
1364 1967 1453 2016 Purtes

398 2028 507 2091 eosdem
514 2030 599 2080 teliter
609 2030 761 2093 ordinemus,
768 2032 884 2081 videlieet
894 2032 963 2093 quod
972 2030 1099 2094 predictus
1108 2030 1234 2079 walterus
1245 2029 1323 2094 ipsius
1335 2030 1451 2093 Eoelrsie,

398 2091 466 2142 ment
476 2094 553 2157 prius,
564 2095 677 2145 Viosrius
691 2096 784 2146 existat
794 2101 822 2145 et
837 2096 886 2159 ipsi
897 2095 1005 2145 Euclesie
1016 2100 1043 2145 et
1053 2094 1211 2144 Psrocbisnis
1221 2094 1337 2158 ejusdem
1347 2095 1452 2147 honeste

399 2161 426 2206 et
436 2157 553 2210 honorico
563 2161 590 2211 iu
600 2160 718 2211 ommbns
728 2160 837 2210 serviciis
848 2160 880 2209 sd
897 2160 1020 2209 Vionriem
1035 2160 1144 2209 Eoolesie
1170 2160 1263 2209 redicte
1277 2160 1452 2223 speotsnubus

399 2223 530 2275 deserviet
565 2226 600 2275 Et
610 2242 656 2290 pro
666 2226 783 2275 omnibus
794 2225 988 2275 obventionibus
999 2228 1026 2274 et
1041 2176 1206 2288 proventidsns
1217 2240 1280 2288 quos
1290 2226 1323 2275 de
1340 2226 1450 2276 Eoelesis

399 2287 477 2338 Beete
501 2290 586 2352 ilnrie,
607 2291 699 2352 Priore,
716 2297 744 2339 et
770 2292 904 2341 conventu
926 2289 1051 2353 predictis,
1079 2290 1180 2339 nomine
1202 2290 1306 2351 Viosrie,
1323 2291 1448 2355 percipere

400 2355 536 2416 consuevit,
553 2360 580 2405 et
596 2371 668 2419 qnos,
682 2371 729 2405 suo
747 2361 876 2419 perpetuo,
893 2354 988 2405 eisdem
1006 2354 1085 2403 Priori
1101 2358 1129 2403 et
1148 2354 1290 2404 conventui
1307 2355 1404 2404 remisit
1423 2360 1450 2406 et

399 2418 499 2479 quietos
517 2420 642 2481 clsmevit,
654 2422 686 2471 de
703 2420 822 2484 predictis
841 2420 925 2469 Priore
943 2424 971 2468 et
992 2420 1126 2469 Conventu
1145 2434 1191 2483 per·
1212 2434 1317 2469 menum
1335 2420 1451 2483 ejusdem

399 2482 492 2533 Prioris
509 2485 549 2534 vel
564 2486 621 2551 ejus
636 2486 755 2549 sssigneti
771 2486 798 2535 in
815 2485 927 2548 predicte
944 2484 1053 2533 Ecclesis
1069 2484 1142 2533 boote
1159 2484 1236 2533 biurio
1252 2485 1338 2534 deoem
1354 2500 1450 2535 meroes

398 2548 576 2614 sterlingorum
586 2552 708 2616 percipiet
717 2553 855 2613 mustim,
868 2567 931 2615 ques
947 2551 1071 2614 predictos
1089 2549 1200 2600 Priorem
1210 2555 1238 2600 et
1254 2548 1415 2601 Conventum
1426 2552 1450 2601 ei

399 2613 494 2664 solvere
511 2619 539 2665 et
556 2617 660 2666 reddere
677 2617 759 2667 unsri
776 2617 895 2666 volumus
912 2616 1035 2665 Terminis
1052 2615 1119 2664 inire
1139 2615 1255 2678 scriptis,
1272 2615 1374 2676 scilieet,
1384 2616 1450 2666 inire

399 2679 558 2739 Quindsnem
574 2681 773 2732 Resurreoeionis
789 2681 919 2731 Dominioe
938 2696 954 2729 v
973 2695 1074 2740 merces,
1086 2684 1114 2729 et
1128 2679 1196 2729 inire
1206 2679 1366 2740 Quindensm
1377 2681 1446 2730 Festi

398 2744 485 2794 Ssnoti
496 2746 623 2796 blichselis
634 2762 719 2796 mense
736 2746 878 2822 Septembri
888 2763 905 2795 r
920 2761 1021 2796 merces
1055 2744 1130 2808 Item,
1147 2745 1239 2794 bsbest
1255 2745 1322 2794 idem
1334 2745 1447 2796 Viusrius

398 2816 529 2859 consuetus
545 2811 709 2862 obvenoiones
725 2827 823 2860 remoue
841 2811 1032 2862 Oonisesionum
1043 2809 1225 2873 provenientes,
1237 2815 1263 2860 et
1274 2824 1356 2860 unum
1366 2810 1448 2860 Dens·

397 2873 464 2924 rium
476 2875 601 2926 Missslem
612 2881 715 2926 tentum
725 2876 840 2940 quolibet
849 2876 890 2925 die
907 2891 957 2939 qno
968 2875 1064 2939 sliquid
1080 2875 1213 2924 oblsoionis
1225 2890 1305 2938 nsque
1321 2874 1353 2923 sd
1364 2890 1446 2926 unum

397 2939 528 2990 denarium
545 2942 584 2990 vel
600 2942 709 3004 emplius
724 2941 841 2990 evenerit
877 2941 983 3002 liabent,
1000 2955 1107 3004 quoque,
1119 2939 1187 2990 idem
1197 2940 1311 2990 Vicsrius
1326 2940 1449 3004 quiequid

396 3003 444 3052 sibi
460 3020 492 3053 ex
509 3006 676 3055 Testnmentis
686 3003 869 3056 deficieucium¹
883 3005 979 3055 racione
992 3005 1110 3054 Psrochie
1120 3020 1165 3054 sne
1175 3005 1287 3068 legetum
1298 3004 1347 3054 sibi
1357 3004 1443 3068 inerit,

396 3068 450 3117 sine
461 3070 575 3133 quelibet
584 3071 759 3131 diminucione,
770 3070 846 3120 solvis
856 3071 944 3134 legetis
961 3069 993 3118 sd
1009 3069 1140 3118 Matricem
1160 3069 1295 3118 Euclesiem
1314 3071 1449 3132 spectanti·

397 3133 451 3181 bns
485 3133 589 3197 Omnes,
600 3151 665 3196 vero,
683 3135 847 3185 obvenoiones
863 3135 923 3184 elios
945 3140 971 3183 et
987 3139 1124 3197 proventus
1139 3134 1219 3198 ipsine
1242 3133 1351 3184 Ecclesie
1366 3135 1446 3184 unde·

396 3213 505 3261 cumque
516 3200 688 3263 provenientes
704 3201 766 3250 dicti
784 3200 855 3248 Prior
870 3205 897 3249 et
914 3200 1067 3260 Conventus,
1078 3200 1172 3262 ubsque
1188 3199 1257 3248 omni
1267 3198 1449 3262 impedimento

396 3264 594 3314 oontmdiooione
621 3272 649 3314 et
674 3265 851 3315 reclumscione
874 3264 980 3328 predicti
1010 3263 1101 3313 Viosrii
1120 3268 1148 3312 et
1173 3279 1285 3325 suorum,
1302 3279 1361 3313 oum
1383 3264 1448 3314 inte·

395 3328 488 3390 gritete
504 3329 643 3424 peruipinnt
658 3329 797 3380 annuatim.
832 3330 873 3386 nt,
885 3345 917 3378 ne
934 3343 1034 3392 presens
1050 3333 1137 3378 nostru
1154 3328 1286 3378 Ordinecio
1301 3329 1327 3378 in
1340 3329 1448 3380 recidive

396 3393 564 3443 contencionis
603 3395 750 3458 scrupulum
776 3393 910 3454 relebutur,
939 3395 1091 3455 ordinemus,
1115 3393 1252 3443 statuimus
1276 3398 1303 3443 et
1330 3394 1449 3444 Partibus

394 3457 455 3520 ipsis
465 3459 515 3507 sub
525 3459 612 3509 debito
629 3459 729 3523 prestiti
744 3459 893 3508 recrementi
911 3459 1067 3522 precipimus,
1079 3463 1110 3507 ut
1126 3458 1318 3508 Ordineeionem
1334 3463 1447 3508 nostrum

394 3523 529 3586 diligenter
539 3527 566 3573 et
581 3524 689 3574 fideliter
703 3525 839 3574 attendent
854 3529 882 3572 et
897 3523 1030 3573 observent
1046 3528 1073 3573 et
1089 3523 1233 3572 uullntenus
1249 3523 1446 3586 rennuerint,

393 3588 442 3637 sub
459 3603 523 3651 pens
539 3590 566 3638 xl
582 3590 726 3650 solidorum,
742 3604 820 3654 quem
836 3589 931 3638 tociens
947 3589 1104 3638 commissum
1119 3587 1233 3650 intelligi,
1243 3592 1271 3636 et
1289 3589 1360 3638 nobis
1379 3589 1443 3638 solvi

392 3653 510 3703 volumus
525 3670 541 3702 s
558 3655 632 3704 Parte
648 3660 735 3704 oontre
757 3655 822 3703 beno
845 3658 957 3703 nostrum
975 3653 1165 3704 Ordinueionem
1186 3652 1302 3702 veniente
1324 3653 1443 3718 quociens

391 3724 479 3768 contre
490 3734 545 3768 ssm
556 3735 670 3783 expresse
680 3719 759 3769 inerit
768 3723 952 3782 sttemptstum
968 3734 1013 3768 seu
1029 3733 1085 3767 esm
1101 3732 1153 3767 non
1167 3718 1292 3767 obssrvnrl
1302 3719 1441 3782 eontigerit.

392 3784 457 3833 -In
471 3785 546 3848 cnjus
563 3785 600 3833 rei
616 3784 791 3834 testimonium
808 3784 966 3848 presentibus
985 3783 1083 3844 literis,
1094 3797 1171 3845 penes
1189 3787 1325 3846 utrumque
1344 3783 1445 3833 Partem

393 3848 493 3898 divisim
514 3850 711 3910 remanentibus,
730 3849 842 3912 sigillum
865 3853 980 3898 nostrum
1003 3848 1094 3911 epponi
1116 3847 1360 3898 fecimus-Dstum
1377 3849 1445 3912 opud

391 3913 589 4043 {wmffm'r‘ijl
598 3915 724 4013 Knlepdss
737 3913 872 3976 Februarii,
885 3912 1084 3964 Oonsecrecionis
1095 3917 1181 3962 noetre
1192 3914 1267 3962 Anno
1279 3914 1389 3963 seeundo
1400 3911 1444 3978 [30

410 3993 458 4040 ern,
487 3981 544 4029 259·
561 3982 577 4030 0
600 3996 607 4040 ;
625 3981 676 4030 10.

336 4058 423 4206 1¹th
433 4058 559 4210 (ipeppl
588 4059 624 4128 of
657 4060 715 4126 the
752 4059 844 4145 Holy
874 4057 980 4126 Ghoet
1016 4057 1083 4124 end
1114 4057 1164 4124 St.
1192 4057 1383 4136 Ketherine,
1408 4063 1445 4125 st

423 4166 516 4212 eron
540 4185 592 4223 ,-

292 4285 303 4318 ¹
319 4287 381 4366 'l'his
391 4289 513 4366 probably
523 4289 600 4340 refers
612 4294 640 4340 to
656 4289 759 4353 legerius
776 4289 791 4314 “
798 4305 844 4353 pro
896 4288 907 4320 ¹
918 4290 949 4338 In
967 4289 1072 4339 Oliver's
1091 4287 1243 4366 liopustioon
1265 4287 1337 4366 thess
1350 4289 1440 4364 'words

324 4353 427 4403 deumrs
448 4354 558 4415 oblrts's,'’
584 4351 667 4405 wbiob
694 4369 759 4405 vere
782 4369 844 4419 very
924 4351 1394 4422 ειρρουιτειε“ικειιιάιιοοοιινοιιοιοιῑιῑῧΙ

325 4419 506 4472 common-E
519 4419 792 4487 (intbellonustlorn).
